2992 4875
336 407 517 459 sanrraa.
540 399 639 457 assu.
662 407 754 456 noar.
778 406 852 455 nra.
873 405 931 457 rx.
954 406 1037 458 oar.
1053 390 1088 458 2.
1194 394 1263 459 177

151 570 250 633 iectus,
258 569 329 620 ricto
339 576 367 619 et
375 568 515 619 interfecto
523 566 577 618 tilio
586 573 687 633 patrem
727 563 914 629 recipiendum.
932 565 1126 630 Hareroampus
1136 581 1196 617 vero
1208 568 1262 617 sel·

151 648 241 714 ooigit
252 655 281 698 ut
292 649 385 713 laqueo
404 646 483 694 vitam
495 645 591 694 liniret.
625 644 688 695 Qui·
726 644 788 705 lem,
796 650 825 693 ot
837 645 931 706 locum,
942 657 993 708 quo
1002 658 1034 693 es
1042 643 1261 695 Miscellaiiisto-

154 724 204 775 bos
225 725 316 775 Romae
338 723 476 783 nunciatis,
496 726 599 771 senatus
615 721 688 769 Mau.
727 723 765 772 riu
785 722 944 773 Gordianum
966 721 1009 771 bio
1035 721 1147 786 intelligi
1168 722 1261 784 tradit,

153 802 304 868 Pupienum
314 808 341 850 et
352 798 690 862 Clodiialbinnmlmpera·
727 798 875 848 accuratius
894 797 1020 860 dedisset,
1047 811 1125 861 qnurn
1145 812 1178 846 eu
1206 799 1263 849 aliia

154 886 227 931 tores
239 885 330 929 creat:
351 876 450 928 addunt
461 876 556 925 milites
572 875 689 938 tertiam,
727 875 885 926 eontrarium
902 875 985 938 liquet
1009 875 1093 923 satis:
1119 882 1262 939 propterea

154 957 314 1008 Gordianum
337 950 470 1019 nepotem,
492 950 622 1002 Maximus
637 951 689 1001 Pu·
726 953 797 1018 qnod
819 967 878 1003 curn
906 952 1025 1003 Grunero
1045 951 1132 1003 fateor
1150 955 1264 1018 nescire,

153 1035 249 1099 pientia
267 1047 283 1082 u
298 1040 389 1081 senatu
410 1036 502 1079 eontra
518 1027 689 1078 Maximinum
726 1029 788 1094 qnid
808 1029 853 1079 illa
871 1027 1000 1078 Gordiani
1019 1042 1050 1079 ιι.
1061 1035 1089 1079 et
1100 1041 1145 1081 ιιι.
1156 1029 1263 1081 distine-

153 1109 279 1172 mittitur,
297 1122 409 1173 eumque
429 1106 462 1155 ad
480 1104 626 1171 Aquileiam
645 1105 689 1156 ob·
726 1106 765 1155 tio
785 1105 835 1155 slbl
860 1106 934 1155 velit.
968 1104 1011 1156 An
1032 1120 1095 1156 uero
1114 1106 1261 1158 Gordianus

154 1192 274 1237 truncat.
285 1184 424 1248 capitolin.
444 1182 503 1231 Caii.
722 1185 812 1250 junior
829 1185 887 1236 sive
909 1186 1037 1237 secundus
1062 1201 1131 1237 nuno
1153 1187 1261 1238 Romam

190 1262 387 1313 ammanium
408 1259 501 1319 Africa
513 1256 618 1322 guarel]
646 1256 690 1307 Αιι
726 1263 809 1325 venit,
828 1263 1261 1328 qniacupeiiianoviclusprmdo

153 1338 295 1404 agnet‚nti
315 1343 357 1387 est
374 1337 401 1385 in
413 1334 478 1385 Cod.
493 1333 566 1384 Leid.
578 1338 603 1384 1.
615 1333 690 1383 dubi·
727 1346 754 1388 et
765 1338 920 1389 interfectus
933 1341 1006 1391 erati
1029 1348 1098 1392 teste
1117 1338 1261 1406 capitolo.

154 1424 198 1467 tat
213 1416 253 1466 ct.
271 1414 383 1465 Gruner.
404 1412 546 1478 qulaagsra
562 1418 590 1461 et
607 1425 691 1474 gerara
728 1418 769 1465 111.
804 1415 873 1465 Num
894 1417 1081 1482 tertius‚quem
1090 1417 1179 1468 Rornae
1191 1431 1261 1489 span·

150 1498 237 1560 partes
258 1492 326 1541 inter
341 1505 369 1540 se
386 1495 567 1555 permutarunt
578 1487 691 1538 Librarii
727 1490 866 1541 sisaeint‘ra
876 1493 1001 1558 liquebit?
1025 1495 1068 1544 De
1083 1494 1261 1544 senioraanim

135 1562 226 1635 'apud
244 1566 323 1619 Ouid.
344 1581 406 1618 urar.
424 1566 533 1617 Heroid.
549 1569 590 1616 la.
602 1579 691 1630 qnam·
727 1566 870 1633 Gordiano,
893 1585 970 1635 quem
991 1569 1036 1619 lilii
1066 1577 1151 1620 morte
1172 1568 1262 1621 auditu

153 1662 234 1713 quam
245 1660 325 1710 supra
336 1645 353 1695 l.
366 1657 429 1695 uttr.
449 1658 473 1694 e.
492 1648 516 1693 o.
536 1640 652 1691 eamdem
664 1642 690 1692 in
727 1647 820 1711 laqueo
837 1647 916 1697 vitam
933 1646 1031 1698 finiisse
1040 1654 1152 1710 constat,
1165 1649 1208 1714 qui
1219 1662 1261 1698 oa·

152 1722 256 1775 Nostro
274 1721 431 1772 iocntionem
452 1718 581 1784 agnoscit,
605 1718 614 1747 ‘
625 1730 690 1781 pra·
727 1721 777 1784 pit,
796 1734 861 1772 uuna
883 1729 923 1772 ast
946 1723 1061 1774 Zonaras
1081 1725 1262 1776 iuranti.

152 1798 285 1849 facturam
301 1798 370 1848 urbis
389 1794 559 1860 tuneagens!
589 1795 690 1844 Verum
726 1798 780 1849 Sed
801 1799 823 1849 is
845 1801 877 1851 ab
892 1802 1009 1852 historia
1027 1803 1138 1853 ueritate
1152 1808 1208 1853 toto
1218 1802 1263 1852 illo

154 1876 395 1942 quisalibissepins
416 1873 494 1923 fidem
506 1871 590 1923 cond.
606 1872 688 1923 secuti
728 1876 890 1927 incomitum
910 1887 1034 1944 quantum
1050 1880 1181 1931 abhorret.
1214 1881 1262 1931 Est

152 1968 254 2018 sumus,
269 1966 354 2018 neque
375 1951 418 2001 bio
430 1968 432 1973 ’
445 1950 528 2000 nostri
552 1948 690 1999 dissimiles
728 1957 825 2012 tamen,
835 1953 883 2004 nisi
898 1955 956 2005 alian
974 1957 1086 2007 rationes
1096 1956 1264 2021 impedirent,

153 2044 215 2080 esse
235 2030 371 2081 voluimus.
404 2030 447 2080 Da
466 2027 542 2092 hujus
554 2032 641 2077 anum
655 2027 691 2076 lo·
728 2044 868 2096 quosnam
890 2033 1069 2098 conjecturam
1087 2036 1157 2086 tueri
1174 2042 1263 2101 posset

154 2108 266 2159 untionis
288 2106 481 2174 permutatione
502 2105 608 2156 consule
633 2104 689 2156 Cel.
728 2106 810 2158 Doot.
822 2107 936 2158 Femina.
954 2109 1066 2174 Capitol.
1085 2111 1157 2162 Max.
1173 2110 1262 2162 Duob.

154 2184 291 2237 Drakenb.
303 2185 335 2235 sd
348 2184 519 2236 Lir.1xrr.8.
540 2182 657 2248 Veriepk.
728 2198 753 2232 n.
770 2186 812 2233 aa.
832 2182 955 2234 ‘Deinde
974 2185 1047 2249 [post
1064 2184 1263 2251 Aquilaieuaem

189 2261 274 2326 ltaque
293 2277 347 2311 cara
369 2260 470 2310 Romam
489 2258 615 2321 minent,
636 2256 691 2323 isa]
727 2256 889 2307 obsidionem
901 2258 1048 2323 Pupienus]
1060 2260 1167 2312 Romam
1178 2261 1264 2325 venit,

152 2338 247 2389 Scribe
265 2339 376 2401 resinat,
395 2337 451 2388 scil.
463 2334 619 2398 Gordianus,
632 2348 691 2385 narn
728 2333 903 2400 nonarumque
925 2334 1067 2400 ingressus,
1081 2336 1146 2387 sotis
1157 2335 1193 2387 ibi
1206 2351 1264 2402 gra-

155 2415 191 2466 de
229 2414 362 2467 Gordiano
397 2427 452 2465 esse
485 2410 692 2478 intelligendum,
729 2409 781 2475 tiis,
802 2411 954 2463 concionem
981 2412 1083 2479 babuit,
1101 2419 1180 2481 atque
1200 2413 1263 2465 inde

156 2498 235 2558 patet
256 2506 288 2541 ex
312 2491 382 2542 Hist.
401 2490 542 2552 Miscella;
572 2487 691 2540 confudit
729 2487 861 2538 Palatium
879 2503 937 2539 cnm
955 2490 1068 2541 Balbino
1084 2497 1112 2542 et
1130 2491 1264 2543 Gordiano

155 2568 227 2618 enim
239 2569 349 2633 Entrop.
369 2566 530 2618 Gordianum
550 2579 583 2617 ιι.
603 2573 631 2616 et
647 2579 691 2618 ιιι.
728 2566 1068 2632 νίοῑοιειιειεοερειιιιιι.’
1101 2569 1200 2618 Verum
1212 2568 1264 2618 Eu·

159 2644 228 2696 Hau.
730 2645 843 2709 tropium
864 2646 951 2709 potins
971 2660 1072 2696 errasse
1096 2645 1265 2708 crediderim,

157 2724 162 2732 '
190 2722 276 2787 ltaque
295 2736 349 2772 essu
367 2721 467 2772 Rouana
480 2720 596 2771 morani
607 2719 692 2771 Balbi·
729 2726 759 2771 et
777 2734 870 2771 serora
894 2722 1005 2773 voluisse
1030 2730 1059 2773 et
1078 2722 1217 2773 Balbinum
1236 2728 1265 2773 et

154 2814 202 2850 nas
217 2804 242 2849 st
264 2798 397 2864 Pupienus,
418 2800 445 2848 ia
461 2797 551 2862 palatio
572 2795 693 2855 interfecti
730 2797 877 2862 Pupienum
895 2798 927 2849 ad
947 2799 1043 2850 bellum
1056 2798 1264 2864 profectostnuo

153 2875 224 2940 sani]
247 2876 291 2927 Sic
308 2877 401 2940 legunt
423 2875 490 2926 Edd.
513 2873 575 2924 nidi
594 2869 692 2938 (1121.)
731 2874 946 2937 reuertisse,looo
958 2876 1099 2940 Capitolini
1111 2874 1267 2926 maleiutel·

154 2950 325 3015 Scbonborii,
336 2952 454 3013 Merula,
465 2951 580 3013 cellarii,
596 2950 692 3000 Fabro·
730 2950 807 3011 lecto,
817 2951 889 3002 Max.
901 2957 928 3001 et
940 2952 1014 3004 Bato.
1030 2967 1054 3003 c.
1067 2957 1106 3003 1t.
1122 2953 1264 3002 ‘Balbinus

155 3041 224 3092 runs,
234 3027 354 3089 Hearnii,
365 3027 552 3092 Haveroampi,
562 3025 690 3076 Horenii:
730 3024 833 3090 quidem
851 3041 910 3076 oum
929 3027 1044 3078 Maximo
1061 3028 1207 3095 [Pupieno]
1224 3042 1265 3079 nr·

154 3117 217 3155 eum
236 3103 344 3154 Paeonio
364 3110 452 3153 autam
468 3103 592 3165 Grnuari,
609 3102 693 3167 itapra
729 3100 790 3152 bem
812 3117 871 3152 oum
891 3118 985 3168 magna
1009 3103 1185 3155 moderatione
1203 3118 1266 3168 gan·

154 3195 210 3230 ausu
220 3179 348 3242 maest,
358 3179 478 3230 Balbinus
488 3186 511 3230 st
525 3180 657 3245 Papirium,
666 3181 693 3230 is
730 3178 811 3230 dente
824 3188 916 3230 senatu
927 3189 955 3230 et
962 3182 1059 3245 populo
1069 3183 1183 3231 Romano
1193 3194 1267 3248 rega·

151 3257 204 3321 pal.
225 3260 265 3321 ir.
299 3256 394 3307 Altera
418 3256 514 3307 Altina
537 3254 638 3322 (loto.)
665 3266 692 3307 et
729 3254 811 3305 bant:
831 3255 938 3306 Senatui
967 3257 1106 3323 plurimum
1129 3255 1266 3306 defereba-

154 3332 284 3386 Juntina:
303 3333 388 3398 linoae
409 3349 461 3394 sam
477 3334 578 3383 mnam
592 3334 692 3385 aerinas
733 3341 794 3383 tur:
811 3334 882 3398 leges
894 3333 1004 3397 optimas
1015 3331 1267 3396 condebant,mode·

156 3409 275 3460 Balbinus
298 3413 322 3459 et
342 3410 473 3480 Pupienus,
490 3410 517 3459 iss
534 3411 581 3474 pai.
600 3412 642 3473 irs.
662 3417 693 3461 nt
733 3419 791 3461 rate
813 3425 906 3461 causas
927 3412 1075 3474 audiebant,
1095 3425 1136 3460 res
1159 3410 1265 3461 bellicas

155 3485 264 3548 mirera,
283 3485 347 3546 iilud
358 3487 460 3537 oraim
467 3486 499 3536 ab
509 3486 692 3551 Hareroarnpo
731 3485 907 3552 pulcherrime
923 3487 1107 3550 disponebant,
1139 3487 1175 3536 Et
1187 3501 1265 3552 quum

157 3565 280 3629 tanquam
307 3577 340 3613 ea
366 3562 472 3627 ingenio
500 3562 693 3628 depromptum,
725 3564 781 3628 jaan
810 3571 930 3627 paratum
946 3569 1025 3625 esset,
1045 3570 1075 3612 ut
1094 3569 1186 3613 contra
1202 3562 1267 3613 Par-

155 3643 249 3707 magis,
272 3641 372 3692 domin
389 3643 440 3692 Ma.
456 3642 530 3693 Leid.
543 3647 566 3692 1.
577 3642 693 3692 invenire
731 3639 787 3688 thos
810 3639 940 3688 Maximus
963 3636 1180 3703 proficisceretur,
1206 3639 1267 3689 Bai·

156 3719 256 3783 potuit.
289 3718 338 3768 Uti
350 3724 438 3769 autem
449 3717 512 3770 varii
530 3718 601 3768 varie
613 3718 693 3768 senti·
730 3715 805 3764 binus
816 3722 910 3764 contra
924 3715 1078 3778 Germanos,
1095 3728 1163 3778 puer
1178 3721 1281 3776 antem,

156 3799 216 3851 nni,
240 3793 278 3843 sio
306 3793 434 3844 neminem
458 3801 545 3844 tamen
572 3795 693 3858 Eutropii
731 3790 879 3841 Gordianus
907 3793 996 3841 Roma
1024 3787 1191 3853 remaneret,'
1215 3793 1266 3839 dre.

157 3875 274 3918 ruentem
295 3868 396 3932 cepisse
409 3875 492 3933 recte,
509 3877 582 3933 pnto.
622 3870 693 3919 Doc-
734 3866 853 3931 Verteris.

159 3944 262 3995 siusium
288 3944 404 4005 Femina,
423 3947 464 3995 cni
483 3945 608 3997 adsentiri
624 3946 694 3997 solet
764 3946 795 3995 la
814 3944 906 4008 palatio
924 3942 1046 4004 interfecti
1067 3943 1134 4008 mni]
1155 3941 1267 3992 blssitari

159 4020 281 4083 Hearne,
301 4021 402 4071 nemun
413 4022 537 4086 Pupienus
541 4023 597 4087 jam
608 4023 694 4087 conje·
731 4019 870 4080 seditione,
889 4018 1003 4082 Capitol.
1025 4018 1051 4067 in
1070 4018 1205 4069 Gordiano
1223 4030 1267 4067 ιιι.

158 4103 242 4159 serat,
250 4097 546 4162 qniaBalbinusinurbe
554 4108 694 4162 manserat,
732 4098 845 4147 tumultu
858 4095 1017 4152 militarium,
1030 4093 1094 4144 Aur.
1106 4095 1178 4144 vict.
1207 4094 1269 4144 Call.

158 4171 694 4240 quodrerurnest:quamquamqniacon·
765 4175 819 4226 Soli
832 4174 967 4239 Gordiano]
984 4174 1094 4237 Nepoti.
1112 4175 1184 4224 Glar.

155 4248 268 4300 structio
277 4247 416 4299 uerborum
424 4249 694 4311 rarior‚etnuilusCo-
768 4252 905 4302 Gordianus
922 4252 1048 4300 nomam
1064 4251 1136 4316 pass]
1157 4247 1270 4300 Gordia·

159 4321 248 4376 dianna
257 4323 325 4374 bias.
337 4317 421 4390 nequa
430 4324 499 4376 lidd.
509 4325 636 4393 admittit,
643 4341 695 4377 uon
732 4342 781 4377 nus
795 4340 840 4379 ιιι.
852 4342 943 4394 nepos,
961 4331 1023 4390 post
1037 4339 1141 4376 suorum
1161 4339 1192 4375 ac
1208 4323 1269 4373 aiio·
