2992 4875
247 343 293 411 12
649 360 699 409 nn
723 360 912 410 nurnorro

244 503 466 570 Claudianus.
519 504 604 571 lnrle
628 526 709 570 vero
736 506 840 572 etiam
862 511 1014 592 apparet,
1037 511 1198 591 quinum
1212 521 1246 573 'n
1263 523 1351 576 ‘vero

244 608 411 684 aberrent,
423 607 481 690 qui
499 606 698 691 Eutropium
719 616 868 674 nostrum
889 607 1071 692 Augustini
1089 609 1353 694 discipnlnmto·

246 717 374 785 cerunt,
389 711 452 774 etsi
472 709 534 776 luit
559 711 631 775 haee
656 712 737 776 olim
756 709 944 778 multorum¹
974 712 1100 797 opinio.
1144 711 1352 796 Augustinus

245 813 335 876 eninr
348 813 462 877 floruit
477 814 569 877 circa
582 812 680 877 finem
695 815 814 882 saculi
828 816 860 879 4.
876 822 910 880 et
923 814 1054 880 initium
1064 816 1097 880 b.
1118 835 1187 899 qno
1204 820 1354 899 tempoee

249 915 436 1000 Eutropius
457 917 510 981 vel
532 918 730 996 decesserat,
754 921 808 983 vel
830 925 918 984 certe
940 937 1045 984 senex
1068 918 1257 1001 decrepitus
1283 916 1355 985 Aa·

247 1019 415 1102 gustinnm
431 1019 617 1105 discipulus
632 1020 749 1086 andire
763 1041 830 1086 non
843 1026 985 1106 poterat.
1027 1020 1138 1088 Immo
1152 1021 1354 1104 Eutropium

245 1121 341 1186 illum
355 1122 584 1208 presbyterum
600 1122 718 1201 fuisse,
733 1123 917 1190 docuerunt
927 1122 1086 1202 (iarius,11¹
1108 1129 1250 1207 uterque
1258 1122 1354 1189 Mol·

243 1223 337 1289 lerus
365 1224 484 1291 Jonn.¹²
519 1233 554 1292 et
575 1226 676 1291 Dan?
701 1225 912 1295 Gnilielmns.
965 1226 1127 1294 rimavit
1167 1226 1353 1293 secundnm

247 1325 411 1393 Vossium
425 1330 468 1394 ad
484 1329 571 1395 alios
585 1330 638 1394 hic
657 1351 748 1397 error
770 1351 817 1397 ex
843 1331 1048 1409 Gennadio,¹‘
1075 1331 1142 1396 etsi
1155 1331 1210 1396 hic
1225 1330 1268 1395 de
1283 1329 1354 1394 En-

247 1432 359 1516 tropio
375 1433 569 1517 presbytero
582 1439 723 1512 tannim,
738 1435 782 1500 de
804 1435 967 1500 historico
980 1433 1073 1511 nihil,
1087 1440 1126 1499 nt
1138 1434 1213 1500 libri
1226 1451 1355 1499 momo-

248 1534 313 1598 rnti
340 1529 501 1612 indicant,
542 1535 652 1602 refert.
706 1535 754 1602 At
782 1538 911 1623 plnres‘¹
938 1538 1070 1603 fuerunt
1097 1535 1268 1621 Eutropii,
1295 1536 1356 1620 qni

248 1644 349 1700 caute
364 1637 510 1702 discerni
530 1638 664 1717 debent,
678 1640 742 1704 nisi
762 1641 839 1724 quis
863 1640 944 1705 velit
958 1645 1108 1723 temporo
1130 1640 1282 1718 miscere,
1298 1638 1356 1705 vol

249 1741 452 1825 conjecturis
468 1742 564 1806 vanis
579 1741 758 1826 indulgere.
790 1742 908 1809 Liceat
919 1742 985 1807 hoc
1000 1761 1103 1806 nnnm
1114 1740 1247 1820 addere,
1262 1741 1356 1826 qnod

246 1839 331 1908 forto
345 1843 389 1908 ad
403 1845 834 1931 cognoscendaijutropii
844 1846 948 1912 nostri
959 1851 1096 1916 atatem
1109 1845 1223 1910 referri
1232 1845 1354 1929 powt.

248 1945 410 2011 Poeanius
424 1948 460 2012 in
474 1948 691 2034 metaphrasir
715 1951 808 2016 sacto
823 1950 1063 2028 additamento,
1089 1949 1215 2027 scribit,
1231 1947 1356 2014 Narssi

249 2055 397 2133 nepotes,
414 2049 633 2117 Hormisdam
654 2060 686 2119 et
709 2054 883 2138 Saporem,
909 2074 1004 2120 snam
1028 2058 1164 2119 etatem
1189 2051 1356 2135 attigisse.

249 2149 337 2216 Cum
357 2154 435 2219 vivo
461 2153 625 2239 Eutropio
645 2157 835 2223 versionem
860 2176 956 2222 suam
980 2156 1142 2223 Paeanins
1165 2153 1357 2220 confecisse

247 2255 383 2319 minime
395 2256 557 2334 videatur,
572 2256 723 2338 efficitur,
734 2258 930 2344 Eutropium
944 2266 1023 2344 post
1036 2259 1160 2324 bellurn
1175 2256 1358 2324 Gothicum

249 2357 439 2442 primumn
453 2356 598 2424 Valente
617 2367 762 2444 gestum,
781 2361 873 2447 quod
896 2363 968 2427 sine
989 2362 1095 2430 dubio
1120 2360 1228 2425 innuit
1242 2360 1358 2451 intine

250 2462 375 2544 operis,
397 2470 430 2530 et
452 2470 527 2528 ante
549 2463 690 2549 Saporis
714 2472 852 2532 mortem
873 2467 1000 2532 obiisse
1021 2468 1114 2532 circa
1135 2484 1257 2530 annum
1278 2464 1357 2529 373.

250 2562 338 2643 Quae
353 2565 489 2649 quidem
515 2570 710 2653 supputatio
741 2568 896 2634 adhibito
930 2571 965 2635 in
989 2569 1177 2635 subsidium
1199 2565 1360 2649 Agathini·

250 2662 302 2731 ita
328 2669 506 2750 probatur:
539 2671 668 2736 Narses
688 2673 841 2756 regnavit
858 2689 972 2739 'annos
992 2674 1026 2738 7.
1050 2689 1182 2737 menses
1196 2671 1228 2735 5.
1272 2667 1359 2737 cin

250 2786 274 2834 a
297 2767 435 2836 Galerio
463 2771 676 2841 Maximiano
700 2777 813 2842 victos
833 2775 933 2844 merit
957 2796 990 2842 a.
1016 2775 1057 2841 C.
1070 2773 1158 2842 297}
1191 2791 1358 2860 ponamus

248 2874 370 2937 mortis
390 2894 523 2954 anuum,
547 2879 607 2962 qui
630 2879 709 2963 poni
736 2880 914 2946 commode
938 2885 1061 2965 potest,
1086 2899 1132 2944 ex
1152 2884 1269 2942 nostra
1289 2895 1360 2943 arn

247 2974 326 3040 330.
381 2974 558 3044 Successit
582 2980 800 3061 Hormisdas,
822 2984 881 3066 qui
902 2983 1005 3049 etiam
1026 2981 1202 3066 imperavit
1222 2979 1361 3047 totidem

248 3095 367 3155 annos,
385 3079 486 3161 igitur
496 3081 541 3146 ad
559 3102 684 3151 annum
698 3083 739 3150 C.
753 3086 831 3151 307.
875 3084 1021 3169 Sapores
1036 3085 1127 3151 vixit
1139 3084 1356 3166 temnitque

250 3178 364 3258 simul,
387 3181 515 3266 quippe
539 3185 599 3267 qui
622 3185 733 3252 inians
753 3207 871 3253 recens
891 3188 1001 3254 editus
1022 3208 1082 3253 rex
1102 3192 1192 3253 esset
1213 3191 1358 3265 cimus,

249 3300 358 3347 annos
379 3285 433 3349 70.
456 3286 544 3351 unde
565 3286 702 3354 efficitur
724 3311 829 3357 annos
852 3291 890 3357 C.
905 3292 983 3358 377.
1027 3291 1156 3358 Valens
1171 3289 1256 3356 obiit
1269 3307 1302 3352 a.
1316 3286 1359 3354 G.

247 3384 327 3452 378.
372 3386 433 3453 Sin
455 3393 638 3473 proconsul
657 3392 753 3462 Asiae
775 3403 889 3462 noster
914 3396 991 3476 fuit,
1014 3395 1099 3462 obiit
1120 3393 1252 3461 demum
1278 3398 1359 3476 post

751 3545 858 3597 NOTAE

283 3650 367 3707 ¹Viri.
386 3672 451 3723 qnos
468 3658 602 3709 nominant
617 3659 725 3711 Vossius
747 3661 782 3711 de
854 3670 867 3706 Ρ
884 3663 914 3714 C.
926 3663 943 3714 Ι.

250 3731 311 3782 bist.
325 3734 382 3784 Lst.
394 3748 425 3786 ιι.
436 3740 461 3786 8.
479 3734 611 3787 hubertus
622 3739 731 3788 Mirens
749 3739 784 3789 sd
855 3749 868 3785 s
884 3740 926 3791 Ite
949 3739 1040 3807 quibus
1051 3739 1105 3790 rid.
1116 3738 1250 3791 Febriclns
1268 3753 1293 3791 c.
1302 3740 1320 3792 l.
1331 3756 1360 3807 p.

252 3808 418 3861 Gennadium
431 3811 463 3861 de
476 3813 537 3863 virts
551 3815 694 3866 illustribus
705 3832 728 3867 c.
741 3822 783 3868 tn.
824 3822 880 3869 ms.
891 3833 930 3884 sq.
963 3817 1040 3866 Addo
1052 3817 1140 3878 alium,
1159 3815 1271 3867 eundem
1294 3831 1361 3881 pre·

251 3890 281 3935 et
299 3885 396 3937 Curius
421 3889 448 3938 in
467 3888 558 3940 histor.
576 3891 645 3944 liter.
663 3894 786 3954 scriptor.
823 3893 921 3945 fectum
939 3893 1062 3960 pretorio
1082 3893 1130 3943 sub
1149 3893 1357 3957 Imperatoribns

252 3962 348 4013 eccles.
360 3964 417 4021 Vol.
430 3979 448 4017 ι.
467 3980 494 4030 p.
504 3970 561 4018 414.
588 3966 697 4034 (oxonii
710 3974 785 4022 lm.
815 3973 916 4021 'horre
931 3979 959 4022 et
977 3970 1128 4031 Anthemio,
1145 3971 1184 4020 nti
1203 3966 1314 4022 diucitin
1327 3985 1362 4025 es

253 4035 316 4102 ror.)
826 4046 891 4097 Coo.
902 4045 1032 4096 theodos.
1043 4060 1062 4096 1.
1073 4048 1098 4109 3,
1107 4048 1201 4107 3334.
1311 4056 1313 4063 '

285 4123 303 4149 ¹
320 4116 379 4168 (7.1.
857 4126 977 4173 finib.

284 4200 301 4231 ι
314 4193 347 4243 ln
358 4194 720 4264 Romanorumn-pm.
856 4199 940 4249 ⁸1ib.
965 4198 1271 4265 inanescentem
1310 4220 1314 4230 ·

285 4278 299 4305 0
314 4271 462 4324 lndinsert.
473 4274 507 4324 ds
518 4275 654 4342 Eutropio.
830 4275 1165 4343 ''Vidadl’atropcl
