2992 4875
247 366 313 435 nte
494 380 602 432 nora
624 376 827 428 vsnrnanrr
852 376 891 427 nr
917 374 1096 429 aoraorrr

409 525 586 587 Contaatina,
595 538 660 574 saar
669 523 739 574 Catii
748 520 928 585 imperatoria,
940 533 999 585 aaa
1008 525 1037 571 at
1047 518 1201 573 eoram
1210 519 1346 577 setthim.

249 573 323 625 ΠΜ
409 606 589 670 iidemque
600 603 803 669 napsittnttaao
815 602 912 667 imper.
1422 588 1427 597 ¹

588 701 656 822 ἔρον
665 714 844 765 constantiam
858 712 947 764 titiam.

410 685 532 747 Eusebia,
548 691 575 734 et

410 766 535 816 Faustina

419 846 566 895 Dalmatius
583 845 680 910 imper.
693 860 725 896 ex
737 846 916 897 Annibsiiisno
925 845 1017 911 tratre,
1027 860 1104 911 qaa-
1118 859 1178 896 eam
1189 845 1275 897 tribas
1286 845 1364 898 ntis·

449 925 579 977 heredem
591 926 697 991 Imperii
708 928 821 991 reiipnit.

249 737 337 787 Notos

162 1046 167 1051 .
250 1009 377 1074 Nepotes
418 1007 508 1057 (iatius
518 1007 585 1072 lntp.
596 1020 629 1056 ex
640 1006 794 1057 Constantio
805 1006 885 1057 tratre
895 1013 925 1058 et
934 1008 1021 1059 Galia.

417 1088 536 1140 Jniisnns
548 1088 614 1152 Imp.
625 1101 657 1137 es
669 1088 759 1137 eodem
771 1088 853 1139 fratre
867 1089 1030 1152 monartio,
1040 1095 1069 1153 et
1079 1088 1199 1141 Basilius.

417 1169 589 1232 Nepotianus,
599 1182 631 1218 es
644 1182 740 1220 sorore.

250 1247 346 1316 Neptis
361 1275 394 1287 -
410 1249 571 1311 Constantia,
581 1249 728 1298 constantii
737 1248 786 1300 titii
807 1255 835 1299 et
851 1248 980 1299 Faustina
992 1246 1055 1311 fiiis,
1067 1262 1143 1314 qnam
1154 1248 1232 1301 tinxit
1241 1249 1355 1302 Gratia·

426 1343 474 1379 nos
484 1327 638 1393 Imperator,
649 1333 739 1379 sutore
751 1328 887 1387 Ammiano
897 1330 915 1381 Ι.
927 1341 987 1380 xxr.
1008 1327 1087 1380 Visst.

283 1488 464 1539 Constantianus
484 1489 566 1553 porro]
594 1489 685 1555 stagni
710 1488 777 1541 Con·
817 1503 862 1538 nas
871 1480 1015 1553 provincias
1026 1484 1052 1537 in
1068 1492 1220 1552 potestatem
1232 1487 1357 1553 redegis-

249 1567 355 1617 stantini
366 1566 503 1616 maximnm
514 1566 674 1618 natatilium.
691 1568 761 1619 Gier.
817 1572 867 1628 set,
880 1564 988 1630 primum
1001 1565 1061 1615 satis
1071 1564 1166 1614 bonnm
1183 1565 1238 1628 egit
1248 1566 1357 1629 princi-

284 1640 463 1691 Cosrtnstr'sass
488 1657 558 1704 porro
577 1641 656 1703 fratri
682 1642 777 1706 brian]
818 1656 887 1707 pem,
908 1654 968 1690 mox
988 1640 1097 1690 adversa
1114 1640 1275 1702 valetudine,
1294 1642 1356 1692 sire

250 1714 303 1766 iiic
315 1712 406 1781 jnnior
416 1717 599 1768 Constantinus
609 1734 660 1768 non
672 1726 778 1768 eonten-
818 1730 903 1767 rerum
926 1715 1061 1765 soeiicitate
1082 1724 1205 1775 mutatus,
1226 1715 1356 1767 omnibns

250 1800 292 1841 tus
314 1793 416 1858 imperii
437 1793 569 1856 divisione,
590 1794 643 1844 sire
666 1810 681 1844 a
702 1804 777 1859 patre
816 1795 933 1858 ingratos
947 1808 1004 1842 esse
1019 1792 1107 1857 coepit,
1117 1797 1144 1841 et
1155 1792 1283 1842 militibus
1303 1793 1358 1842 iili-

251 1868 329 1930 facta,
340 1869 394 1918 sire
404 1868 437 1918 ab
448 1870 509 1935 ipsis
527 1871 596 1920 inter
606 1885 633 1919 se
645 1864 778 1932 fratribus,
817 1869 926 1919 bersiist
942 1864 1067 1917 seditione
1078 1875 1149 1919 mota
1159 1882 1175 1916 a
1185 1868 1360 1933 Magnentio,

249 1959 309 1993 nam
317 1944 366 1994 boe
377 1960 479 2011 qnoque
498 1946 617 2011 traditur,
634 1948 726 2011 legatis
744 1947 777 1998 sd
817 1947 889 2010 cujus
915 1945 976 1995 oiim
1003 1954 1119 1994 serrator
1138 1942 1197 2005 fuit,
1225 1943 1360 2007 Helenae,

249 2020 342 2073 fratres
352 2023 441 2085 missis,
457 2031 487 2075 nt
504 2036 573 2074 nora
583 2024 659 2076 fieret
677 2026 777 2089 divisio,
817 2037 898 2086 parvo
916 2020 949 2071 ad
969 2020 1110 2085 Pyrenaens
1125 2029 1225 2070 montes
1241 2020 1362 2086 oppido,

250 2112 307 2148 cnm
328 2113 379 2148 non
397 2099 570 2163 impetrasset,
590 2102 724 2152 i'nnstanti
746 2109 776 2152 nt
815 2099 884 2158 doio,
903 2113 962 2149 enm
984 2097 1120 2159 dormiret,
1140 2111 1282 2161 oppressus
1304 2105 1360 2148 est.

248 2172 323 2225 fratri
342 2176 490 2239 proximiori
501 2177 596 2227 beilum
614 2179 776 2240 movit‚Gai·
816 2175 921 2226 Cedens
942 2162 1067 2227 mersisse
1088 2173 1198 2236 ridetur,
1220 2174 1297 2238 qood
1320 2176 1360 2227 ob

247 2250 305 2300 licis
316 2251 446 2315 peditibus
462 2266 492 2302 ae
512 2253 636 2318 Hispanis
647 2255 777 2319 equitibus
816 2251 989 2317 articularern,
1000 2266 1051 2316 qno
1066 2251 1208 2313 laborabat,
1217 2252 1359 2318 morbum,

247 2323 366 2376 confisus.
400 2327 528 2377 Constsns
544 2327 570 2377 in
590 2329 674 2378 Dacia
685 2329 776 2379 adver·
817 2325 952 2375 venatibus
963 2339 1068 2390 operam
1083 2325 1170 2387 dabat,
1185 2333 1214 2376 et
1225 2327 1251 2376 in
1266 2329 1359 2391 sylvis

249 2415 293 2452 sus
312 2400 395 2452 Getas
407 2417 437 2453 ac
454 2404 582 2454 Sarmatas
601 2404 722 2469 bellabat,
739 2407 778 2457 in·
818 2402 970 2472 pusiiinrnm
982 2410 1062 2454 atate
1077 2402 1258 2457 delectabatur
1269 2417 1360 2475 atque

250 2485 324 2527 terea
341 2477 522 2529 Constantinus
538 2480 620 2530 t'rster
630 2479 778 2546 Aquileiam
819 2478 983 2528 abutebatur.
1015 2479 1056 2529 De
1070 2480 1125 2545 ejns
1133 2489 1215 2532 morte
1224 2485 1305 2534 varia
1316 2486 1360 2536 di·

250 2567 331 2617 usqne
352 2562 518 2616 pervenerat:
535 2553 571 2605 ibi
586 2555 688 2607 obviam
706 2559 777 2608 missi
817 2560 920 2615 cuntur,
931 2554 1033 2618 qnidam
1045 2556 1113 2605 satin
1121 2556 1298 2609 dormientem
1308 2575 1361 2626 op·

252 2628 419 2678 aCnnstante
430 2628 520 2693 tratre,
530 2647 561 2681 ae
571 2634 681 2697 aggressi
692 2634 779 2684 incon·
818 2644 944 2695 pressum,
962 2630 1065 2694 qnidam
1084 2632 1241 2694 signantem,
1261 2650 1299 2684 ae
1322 2636 1359 2686 ari

248 2702 316 2752 snite
326 2703 466 2768 venientes,
481 2707 595 2772 quamvis
610 2711 778 2772 potentiores,
817 2706 1011 2769 astrolapsum:
1028 2707 1241 2758 udnihiiotniw
1248 2725 1360 2762 centa

249 2774 325 2828 tacite
337 2783 422 2828 tamen
442 2781 560 2831 vicerunt
574 2783 672 2835 insidiis
684 2800 777 2850 exeep-
817 2781 906 2845 foisse,
916 2782 1056 2831 seeundum
1076 2784 1205 2833 oraculum
1220 2784 1244 2832 ri
1257 2785 1361 2836 datura

250 2862 301 2906 tos.
326 2854 368 2905 Ibi
379 2858 561 2910 Constantinus
572 2876 638 2927 eqno
648 2877 779 2928 excussas,
818 2858 885 2923 quod
897 2858 922 2906 in
932 2857 1023 2906 matris
1041 2857 1098 2907 sinn
1111 2859 1239 2922 periturns
1259 2869 1360 2913 esset:

250 2937 278 2981 et
293 2930 347 2981 sine
365 2947 478 2998 pnrpnra
493 2935 594 3001 jacens,
615 2940 702 2990 mattis
717 2954 778 2990 con.
817 2934 941 2999 oppidum
964 2933 1079 2998 ejusdem
1104 2933 1264 2998 cognominis
1294 2951 1361 2989 ean

249 3004 332 3056 fossus
344 3009 492 3060 vulneribus
502 3013 608 3065 interiit„
633 3015 777 3082 Imperavit
815 3021 897 3080 taetre
909 3012 1012 3063 oraculo
1029 3014 1158 3063 innuente.
1177 3012 1248 3064 Glor.

249 3082 360 3134 triennio
374 3085 484 3135 nondum
504 3086 585 3140 finito.
619 3093 693 3142 Vixit
703 3091 777 3142 anuis
852 3089 989 3140 Vnietsriiss
1003 3089 1158 3153 inprospera]
1172 3089 1240 3141 Quia
1255 3093 1362 3154 morbo

251 3169 318 3208 xxv.
337 3159 407 3208 Ginr.
424 3162 483 3211 Non
496 3172 645 3216 contentum
657 3169 778 3232 portione
817 3166 948 3218 artioniari
961 3172 1076 3214 rexatus.
1094 3165 1164 3214 Giar.

249 3231 431 3298 Transalpina,
443 3238 488 3287 sed
505 3239 537 3287 rie
550 3240 681 3293 Africano
693 3244 780 3304 Italia,
853 3243 946 3292 Grrtsis
963 3239 1034 3303 sitin]
1052 3240 1212 3290 Ebrietatem
1222 3246 1253 3293 et
1262 3239 1362 3297 libidi-

250 3312 399 3361 constantis
421 3314 584 3380 patrimonio,
605 3321 722 3383 quaedam
740 3338 779 3371 re.-
819 3338 886 3373 nem.
904 3322 973 3371 Gisr.

249 3397 391 3455 petentem.
403 3394 498 3445 Zosim.
510 3405 536 3445 et
548 3383 619 3460 Epit.
632 3400 699 3451 Viot.
720 3404 779 3454 cru.
852 3397 1023 3461 Intolerabiir's]
1040 3397 1107 3450 Quis
1123 3411 1234 3448 morosas
1256 3412 1294 3451 ae
1307 3401 1363 3454 ‹tit-

282 3468 378 3532 Frstrs]
394 3470 538 3523 Constanti.
558 3475 627 3525 Gtor.
819 3473 903 3524 finitis.
923 3475 992 3525 Gior.

280 3545 426 3611 Apaikiors]
437 3548 519 3597 italia
528 3551 560 3599 ad
569 3549 669 3602 istriam
679 3553 778 3604 orbem.
851 3551 1003 3615 irritandas]
1019 3549 1234 3603 Qni'assiiberaiis.
1255 3553 1340 3605 Giar.

250 3619 319 3671 Glnr.
852 3626 1001 3691 Mopsuestia]
1016 3626 1121 3676 Comitis
1131 3626 1258 3678 ordinem.
1279 3629 1362 3681 Giar.

282 3697 449 3761 Imossattias]
474 3701 539 3768 Cum
559 3703 682 3754 militibus
701 3704 778 3770 ionga
818 3702 991 3765 Magnentius,
1006 3702 1263 3766 dmrnmtegtonun
1282 3717 1361 3766 pras·

249 3778 393 3835 prestaret.
413 3775 482 3825 (ἰὼν.
818 3777 912 3839 taetus,
924 3778 949 3827 in
967 3779 1084 3828 convivio
1096 3777 1280 3843 Augustuduni
1293 3796 1360 3846 pnr-

280 3847 322 3895 Aa
339 3847 408 3911 daos]
424 3849 589 3901 &aruntem
609 3859 637 3903 et
653 3854 779 3904 Constan-
818 3867 907 3917 pnram
919 3855 1020 3904 ssrtssit.
1037 3854 1162 3904 Zosimus.
1179 3853 1238 3903 een.

250 3920 322 3972 tinm.
341 3922 412 3972 Ginr.
849 3928 959 3992 terma]
977 3929 1126 3980 Proximum
1137 3931 1362 3993 representin-

283 3996 418 4048 Cosstnstr's
444 4000 569 4065 imperitas
590 4008 710 4056 strenam
731 4007 776 4055 ais·-
817 4012 859 4055 tos
881 4005 1010 4057 Aurelios.
1031 4006 1107 4058 Cirr.
1141 4006 1212 4070 Epir.
1227 4006 1360 4058 Vectoris

248 4074 370 4136 qumis]
382 4076 508 4125 Constans
519 4079 646 4128 secundus
657 4079 777 4143 t‘ratrunr,
816 4097 842 4133 n.
853 4088 896 4134 nt.
911 4083 998 4147 ‘apati
1011 4083 1150 4144 Helenam,
1158 4081 1288 4147 oppidum
1301 4085 1362 4149 Py·

249 4154 309 4210 post
325 4151 443 4204 meritant
454 4150 541 4202 fratris
553 4154 715 4206 Constantini
727 4173 777 4208 ee·
817 4175 902 4211 renas
918 4158 1209 4225 proxtmrrns’2t2adem
1227 4158 1361 4211 Zosimus

250 4223 318 4287 dem,
329 4238 386 4274 com
398 4239 448 4277 non
459 4227 513 4278 sine
530 4227 618 4280 labore
629 4231 776 4299 Transalpi·
816 4223 896 4287 babet
911 4236 930 4289 i.
945 4249 976 4290 ιι.
991 4234 1014 4288 f.
1030 4240 1088 4290 otte.
1104 4234 1197 4290 ran«
1207 4236 1222 4285 i
1232 4234 1361 4287 xm
