2992 4875
613 342 804 393 Burnum.
1187 333 1252 402 627

176 474 383 557 ,eruptione
405 462 539 556 Eutropii
558 476 598 537 ad
613 476 764 539 Valentem
788 480 863 557 Aug.
890 477 1020 543 sileatur.
1047 479 1167 544 Addita
1180 495 1253 545 aunt

198 574 372 647 Gmooruru
393 574 604 657 imperatorum
620 574 685 634 vitae
700 574 738 635 de
751 575 839 635 rebus
851 576 881 635 iu
905 576 1027 637 Oriente
1040 588 1070 638 et
1081 579 1253 642 Constanti·

198 669 310 749 nopoli,
327 669 432 740 Persia,
447 669 616 749 Arabiaque
629 672 729 750 gestia,
739 672 777 733 de
791 671 901 752 quibus
920 674 1062 734 haetenus
1079 675 1187 737 latinis
1197 698 1254 758 pa·

198 786 261 829 rum
276 767 442 828 constabat.
484 767 613 838 Quidam
635 770 766 830 Annales
794 770 1133 849 constantinopolitanos
1152 777 1254 853 appel·

156 930 160 939 ,
199 863 270 924 lant.
313 864 400 944 Opua
415 865 566 945 indignum
581 867 763 949 nerte,quod
781 866 954 939 intenebris
968 869 1080 935 tamdiu
1094 869 1253 933 delituerit.

200 960 294 1023 Paulli
308 962 434 1023 Diaroni
457 963 650 1039 Aquileiensis
663 963 702 1024 de
716 964 816 1042 gestis
838 964 1100 1044 longobardorum
1125 967 1192 1029 libri
1205 984 1254 1029 vr.

200 1057 311 1140 Baail.
303 1079 333 1118 ιιι
358 1057 436 1120 offic.
453 1060 644 1125 Frobeuiaua,
666 1042 773 1120 edente
777 1060 902 1141 ,Sigiem
923 1061 1058 1122 Geleuio
1059 1064 1187 1126 -Mera
1207 1077 1255 1128 eat

156 1132 328 1225 Historia
341 1156 468 1218 mutella
482 1156 575 1218 Paulli
588 1157 724 1219 Diaconi.

161 1260 241 1326 1559
260 1254 386 1327 Parisiis,
403 1263 431 1316 8.
457 1254 589 1335 Eutropii
604 1253 642 1314 de
656 1256 746 1333 gestis
760 1256 959 1316 Romanorum
972 1256 1039 1317 libri
1052 1273 1087 1317 ιι.
1099 1256 1179 1337 apud
1195 1257 1254 1318 Co-

200 1349 328 1413 limatum.

158 1457 240 1513 1548
253 1448 381 1519 Paririia,
396 1458 425 1511 8.
436 1450 606 1529 Eutropius,
620 1461 679 1511 eto.
693 1451 773 1530 apud
787 1451 858 1512 Sim.
882 1452 1056 1513 Colinaeum.

157 1554 239 1615 1548
264 1546 391 1618 Ριιιίιιίι,
413 1545 464 1606 rot.
479 1547 772 1628 EutropiiEpitome
796 1549 866 1609 belli
890 1549 1010 1620 Gallici,
1025 1548 1166 1627 adjuncta
1190 1552 1253 1613 Jul.

200 1644 322 1705 teraris
335 1645 570 1717 Commentariis,
585 1645 664 1724 apud
676 1645 770 1705 Mich.
787 1645 997 1707 Vascosauum.

156 1747 240 1805 1544
251 1741 380 1814 Parisiis,
396 1750 424 1804 8.
441 1742 575 1822 Eutropii
587 1742 725 1822 Epitonre
739 1742 809 1803 belli
817 1743 928 1804 Gallici
940 1764 949 1815 3
971 1744 1111 1805 Glareru.
1133 1746 1162 1804 iu
1175 1765 1257 1807 eom·

200 1847 291 1898 ment.
309 1840 436 1903 ,Ceratis
445 1862 454 1911 ;
476 1840 594 1907 uomina
608 1840 690 1903 Gau.
702 1840 768 1902 urb.
784 1839 898 1902 durior.
910 1840 1062 1905 montium.
1071 1842 1161 1923 Apud
1178 1844 1255 1907 tou.

200 1935 397 2014 Stephanum.
802 1928 804 1935 *

621 2069 732 2131 AETAS
756 2071 796 2129 ll.

154 2176 280 2258 Lautior
291 2195 498 2271 1546-1590.
511 2197 684 2276 Eutropium
694 2197 805 2277 quippe
813 2195 912 2257 adhue
922 2196 1066 2257 mirereex
1077 2197 1170 2257 Poulli
1180 2198 1258 2260 Lon·

200 2293 544 2374 gobardiadditameutia
561 2295 790 2356 contaminatum
805 2294 916 2373 primur
931 2292 1060 2354 reddidit
1073 2293 1256 2373 integriorem

200 2393 272 2454 Ant.
287 2392 505 2469 Schouhoviue,
515 2394 615 2473 Belga,
626 2392 813 2471 integerrimo
826 2389 961 2470 Eutropii
976 2389 1090 2452 Codice
1104 2390 1259 2453 Gordenoi

156 2481 160 2486 ¹
199 2509 283 2563 natu,
298 2511 385 2570 quem
400 2492 579 2571 descriptum
593 2490 686 2552 edidit
701 2490 822 2551 Basileee
840 2489 926 2551 1546.
955 2489 1063 2550 Porum
1079 2488 1149 2549 fecit
1160 2488 1260 2549 melio·

201 2604 265 2647 rem
283 2588 362 2647 Elias
374 2589 508 2660 Viuetur,
531 2588 650 2660 Gallus,
666 2609 704 2648 ex
717 2587 796 2648 Cod.
818 2587 877 2647 Mr.
891 2584 1111 2666 Burdegaleuai,
1134 2583 1260 2645 Pictavii

202 2689 291 2745 1553.
330 2685 458 2745 Tertiam
472 2693 540 2764 port
553 2685 608 2744 hoa
621 2685 736 2745 leudem
748 2682 865 2742 meritus
880 2693 925 2742 eat
940 2683 1030 2742 Henr.
1045 2680 1208 2740 Glareanus
1220 2681 1263 2740 ul>

157 2779 163 2786 '
200 2778 317 2857 iugenio
331 2791 361 2840 et
385 2780 530 2854 doctrina,
555 2780 636 2842 edito
661 2779 806 2859 Eutropio
831 2798 900 2839 oum
922 2778 999 2838 notia
1022 2776 1156 2855 Friburgi
1172 2784 1259 2839 1554.

201 2896 271 2955 quae
284 2874 352 2935 iude
378 2876 434 2936 illia
449 2877 548 2937 Viueti
569 2876 709 2955 conjungi
728 2894 846 2956 erepere
871 2875 901 2934 in
913 2873 984 2935 edd.
1009 2872 1099 2935 Basil.
1125 2880 1212 2943 1559.
1228 2881 1260 2934 et

136 2968 140 2975 ’
201 2972 294 3033 Paria.
311 2973 398 3036 1560.

163 3069 249 3133 1546
258 3071 392 3141 Basileae,
407 3079 435 3131 8.
450 3071 588 3150 Eutropii
602 3069 781 3132 Breviarium
805 3068 936 3130 historiar
953 3069 1107 3138 Romano,
1122 3064 1171 3126 ed.
1185 3063 1262 3130 Ant.

158 3219 169 3228 .
202 3167 392 3228 thouhovio
418 3168 570 3228 canonico
593 3167 747 3246 Brugenei,
769 3185 817 3244 ap.
840 3163 1165 3244 Ominum-Editor
1190 3183 1261 3223 ιιιιιι

199 3275 248 3326 eat
262 3266 321 3325 Μι.
337 3263 414 3324 Cod.
429 3265 630 3338 Gandavenai,
654 3264 794 3343 memque
816 3263 933 3324 addidit
954 3263 1086 3323 libellum
1112 3269 1261 3322 uetustum

202 3361 337 3421 locorum
353 3361 441 3422 Urbis
456 3374 485 3420 et
510 3362 729 3440 provinciarum
746 3361 893 3441 scriptum
914 3360 992 3422 circa
1006 3378 1054 3419 an.
1071 3357 1178 3418 Christi
1186 3362 1261 3427 890.

159 3509 166 3520 .
201 3459 251 3528 De
265 3459 320 3519 han
334 3458 462 3519 editione
475 3460 517 3518 sic
532 3461 646 3538 Georg.
660 3456 844 3520 Cassander:

244 3555 397 3618 llaoteuus
412 3555 548 3633 Eutropii
562 3555 683 3615 titulum
696 3573 883 3632 nomenque:
907 3553 957 3613 sed
973 3553 1071 3631 iprum

162 3714 167 3724 ,
283 3653 371 3712 Nunc
383 3654 511 3723 demunt,
526 3652 629 3724 lector,
645 3651 796 3730 conspicio
812 3650 996 3729 Eutropium.

160 3759 243 3815 1552
259 3750 394 3822 Baoileae,
409 3759 437 3810 8.
452 3749 614 3829 Eutropius
624 3769 661 3809 ex
673 3751 721 3809 ed.
735 3753 807 3809 Αιιι.
823 3746 1002 3809 Schoulrovii
1014 3741 1099 3805 1546
1111 3741 1263 3820 repetitae.

154 3847 351 3927 -Lugduni,
369 3858 413 3910 ta.
428 3846 567 3906 Historiae
590 3848 730 3907 Romane
744 3856 883 3907 auctores
898 3844 990 3908 rarii:
1012 3839 1138 3901 Velleius
1162 3839 1264 3898 Pater·

200 3946 295 4018 culus,
309 3946 423 4030 Florus,
437 3945 520 4003 Sext.
535 3942 643 4017 Rufus,
660 3946 752 4005 Meae.
768 3942 923 4014 Corvinus,
937 3951 968 4001 et
986 3937 1157 4015 Eutropius.
1173 3931 1262 4012 Apud

201 4044 275 4105 Seb.
297 4042 475 4121 Gryphium.

160 4148 243 4216 1553
265 4139 400 4209 Pictavii,
416 4146 444 4199 8.
459 4139 594 4219 Eutropii
609 4140 788 4202 Breviarium
811 4133 941 4195 historie
957 4135 1110 4200 Romane,
1134 4127 1181 4188 ed.
1196 4065 1263 4188 Elia

158 4236 323 4308 diaeta
323 4235 393 4302 -Ιι
404 4236 579 4323 Eutropium
588 4258 626 4300 ex
629 4238 715 4310 Muto
724 4231 936 4316 Burdegtlenei
945 4227 1115 4293 emendavit
1124 4223 1263 4308 uotiatpre
