<?xml version="1.0" encoding="UTF-8"?>
<!DOCTYPE html PUBLIC "-//W3C//DTD XHTML 1.0 Transitional//EN"
    "http://www.w3.org/TR/xhtml1/DTD/xhtml1-transitional.dtd">
<html xmlns="http://www.w3.org/1999/xhtml" xml:lang="en" lang="en">
 <head>
  <title>
</title>
<meta http-equiv="Content-Type" content="text/html;charset=utf-8" />
  <meta name='ocr-system' content='tesseract 3.04.00' />
  <meta name='ocr-capabilities' content='ocr_page ocr_carea ocr_par ocr_line ocrx_word'/>
</head>
<body>
  <div class='ocr_page' id='page_1' title='image "./breviariumhisto02verhgoog/breviariumhisto02verhgoog_0036.png"; bbox 0 0 2992 4875; ppageno 0'>
   <div class='ocr_carea' id='block_1_1' title="bbox 228 357 913 454">
    <p class='ocr_par' dir='ltr' id='par_1_1' title="bbox 228 357 913 454">
     <span class='ocr_line' id='line_1_1' title="bbox 228 357 913 454; baseline 0.003 -14"><span class='ocrx_word' id='word_1_1' title='bbox 228 377 272 454; x_wconf 64' lang='lat'><strong>20</strong></span> <span class='ocrx_word' id='word_1_2' title='bbox 651 357 913 454; x_wconf 72' lang='lat' dir='ltr'><strong>nduunsorro</strong></span> 
     </span>
    </p>
   </div>
   <div class='ocr_carea' id='block_1_2' title="bbox 209 527 1412 3209">
    <p class='ocr_par' dir='ltr' id='par_1_2' title="bbox 209 527 1412 3209">
     <span class='ocr_line' id='line_1_2' title="bbox 227 527 1412 628; baseline 0.011 -26"><span class='ocrx_word' id='word_1_3' title='bbox 227 539 436 614; x_wconf 72' lang='lat' dir='ltr'><strong>eas&#39;silentio</strong></span> <span class='ocrx_word' id='word_1_4' title='bbox 450 558 606 624; x_wconf 78' lang='lat' dir='ltr'><strong>premere,</strong></span> <span class='ocrx_word' id='word_1_5' title='bbox 633 561 711 625; x_wconf 83' lang='lat' dir='ltr'><strong>quae</strong></span> <span class='ocrx_word' id='word_1_6' title='bbox 726 542 780 606; x_wconf 87' lang='lat' dir='ltr'><strong>vel</strong></span> <span class='ocrx_word' id='word_1_7' title='bbox 793 541 970 608; x_wconf 76' lang='lat' dir='ltr'><strong>infeliciter</strong></span> <span class='ocrx_word' id='word_1_8' title='bbox 993 544 1046 609; x_wconf 85' lang='lat' dir='ltr'><strong>vel</strong></span> <span class='ocrx_word' id='word_1_9' title='bbox 1060 546 1197 628; x_wconf 80' lang='lat' dir='ltr'><strong>turpiter</strong></span> <span class='ocrx_word' id='word_1_10' title='bbox 1213 565 1235 612; x_wconf 85' lang='lat' dir='ltr'><strong>a</strong></span> <span class='ocrx_word' id='word_1_11' title='bbox 1258 544 1331 614; x_wconf 84' lang='lat' dir='ltr'><strong>Ro·</strong></span> <span class='ocrx_word' id='word_1_12' title='bbox 1411 527 1412 530; x_wconf 9' lang='grc' dir='ltr'><strong>Ἴ</strong></span> 
     </span>
     <span class='ocr_line' id='line_1_3' title="bbox 227 643 1331 728; baseline 0.007 -20"><span class='ocrx_word' id='word_1_13' title='bbox 227 643 336 708; x_wconf 85' lang='lat' dir='ltr'><strong>manis</strong></span> <span class='ocrx_word' id='word_1_14' title='bbox 357 648 462 728; x_wconf 82' lang='lat' dir='ltr'><strong>gestae</strong></span> <span class='ocrx_word' id='word_1_15' title='bbox 483 650 589 721; x_wconf 86' lang='lat' dir='ltr'><strong>erant,</strong></span> <span class='ocrx_word' id='word_1_16' title='bbox 613 645 717 709; x_wconf 89' lang='lat' dir='ltr'><strong>veluti</strong></span> <span class='ocrx_word' id='word_1_17' title='bbox 738 645 901 711; x_wconf 75' lang='lat' dir='ltr'><strong>Viriathi¹¹</strong></span> <span class='ocrx_word' id='word_1_18' title='bbox 915 666 1030 712; x_wconf 87' lang='lat' dir='ltr'><strong>necem</strong></span> <span class='ocrx_word' id='word_1_19' title='bbox 1054 649 1194 715; x_wconf 85' lang='lat' dir='ltr'><strong>consiliu</strong></span> <span class='ocrx_word' id='word_1_20' title='bbox 1205 659 1265 716; x_wconf 90' lang='lat' dir='ltr'><strong>aut</strong></span> <span class='ocrx_word' id='word_1_21' title='bbox 1278 651 1331 716; x_wconf 80' lang='lat' dir='ltr'><strong>in·</strong></span> 
     </span>
     <span class='ocr_line' id='line_1_4' title="bbox 227 745 1331 837; baseline 0.006 -26"><span class='ocrx_word' id='word_1_22' title='bbox 227 746 324 812; x_wconf 90' lang='lat' dir='ltr'><strong>sidiis</strong></span> <span class='ocrx_word' id='word_1_23' title='bbox 342 745 517 831; x_wconf 81' lang='lat' dir='ltr'><strong>Caepionis</strong></span> <span class='ocrx_word' id='word_1_24' title='bbox 541 749 713 827; x_wconf 79' lang='lat' dir='ltr'><strong>intentam,</strong></span> <span class='ocrx_word' id='word_1_25' title='bbox 735 755 826 813; x_wconf 91' lang='lat' dir='ltr'><strong>certe</strong></span> <span class='ocrx_word' id='word_1_26' title='bbox 847 752 907 814; x_wconf 92' lang='lat' dir='ltr'><strong>ubi</strong></span> <span class='ocrx_word' id='word_1_27' title='bbox 934 760 1182 830; x_wconf 88' lang='lat' dir='ltr'><strong>commemorat,</strong></span> <span class='ocrx_word' id='word_1_28' title='bbox 1208 755 1331 837; x_wconf 86' lang='lat' dir='ltr'><strong>paucis</strong></span> 
     </span>
     <span class='ocr_line' id='line_1_5' title="bbox 228 849 1329 935; baseline 0.005 -21"><span class='ocrx_word' id='word_1_29' title='bbox 228 849 365 933; x_wconf 83' lang='lat' dir='ltr'><strong>defungi</strong></span> <span class='ocrx_word' id='word_1_30' title='bbox 389 857 422 915; x_wconf 91' lang='lat' dir='ltr'><strong>et</strong></span> <span class='ocrx_word' id='word_1_31' title='bbox 445 850 560 915; x_wconf 83' lang='lat' dir='ltr'><strong>leviter</strong></span> <span class='ocrx_word' id='word_1_32' title='bbox 583 857 710 915; x_wconf 85' lang='lat' dir='ltr'><strong>tantum</strong></span> <span class='ocrx_word' id='word_1_33' title='bbox 736 852 886 916; x_wconf 86' lang='lat' dir='ltr'><strong>inuuere⁰</strong></span> <span class='ocrx_word' id='word_1_34' title='bbox 910 853 1005 919; x_wconf 91' lang='lat' dir='ltr'><strong>solet.</strong></span> <span class='ocrx_word' id='word_1_35' title='bbox 1050 853 1090 918; x_wconf 93' lang='lat' dir='ltr'><strong>Iu</strong></span> <span class='ocrx_word' id='word_1_36' title='bbox 1114 855 1182 919; x_wconf 85' lang='lat' dir='ltr'><strong>illis</strong></span> <span class='ocrx_word' id='word_1_37' title='bbox 1207 863 1329 935; x_wconf 87' lang='lat' dir='ltr'><strong>autem,</strong></span> 
     </span>
     <span class='ocr_line' id='line_1_6' title="bbox 227 953 1331 1041; baseline 0.005 -23"><span class='ocrx_word' id='word_1_38' title='bbox 227 973 312 1038; x_wconf 86' lang='lat' dir='ltr'><strong>quus</strong></span> <span class='ocrx_word' id='word_1_39' title='bbox 326 954 431 1032; x_wconf 85' lang='lat' dir='ltr'><strong>affert,</strong></span> <span class='ocrx_word' id='word_1_40' title='bbox 447 959 630 1037; x_wconf 85' lang='lat' dir='ltr'><strong>temporum</strong></span> <span class='ocrx_word' id='word_1_41' title='bbox 644 953 761 1017; x_wconf 87' lang='lat' dir='ltr'><strong>seriem</strong></span> <span class='ocrx_word' id='word_1_42' title='bbox 775 955 923 1037; x_wconf 89' lang='lat' dir='ltr'><strong>sequitur</strong></span> <span class='ocrx_word' id='word_1_43' title='bbox 933 956 1011 1033; x_wconf 83' lang='lat' dir='ltr'><strong>iere,</strong></span> <span class='ocrx_word' id='word_1_44' title='bbox 1026 964 1064 1021; x_wconf 91' lang='lat' dir='ltr'><strong>ut</strong></span> <span class='ocrx_word' id='word_1_45' title='bbox 1078 958 1153 1041; x_wconf 85' lang='lat' dir='ltr'><strong>ipse</strong></span> <span class='ocrx_word' id='word_1_46' title='bbox 1166 957 1331 1039; x_wconf 80' lang='lat' dir='ltr'><strong>praedioat</strong></span> 
     </span>
     <span class='ocr_line' id='line_1_7' title="bbox 225 1055 1336 1143; baseline 0.002 -21"><span class='ocrx_word' id='word_1_47' title='bbox 225 1058 261 1122; x_wconf 90' lang='lat' dir='ltr'><strong>in</strong></span> <span class='ocrx_word' id='word_1_48' title='bbox 276 1057 484 1143; x_wconf 77' lang='lat' dir='ltr'><strong>praefatione,</strong></span> <span class='ocrx_word' id='word_1_49' title='bbox 508 1058 571 1124; x_wconf 89' lang='lat' dir='ltr'><strong>etsi</strong></span> <span class='ocrx_word' id='word_1_50' title='bbox 601 1055 703 1121; x_wconf 88' lang='lat' dir='ltr'><strong>etiarn</strong></span> <span class='ocrx_word' id='word_1_51' title='bbox 732 1056 888 1135; x_wconf 85' lang='lat' dir='ltr'><strong>subinde,</strong></span> <span class='ocrx_word' id='word_1_52' title='bbox 912 1059 1059 1124; x_wconf 79' lang='lat' dir='ltr'><strong>maxime</strong></span> <span class='ocrx_word' id='word_1_53' title='bbox 1084 1061 1141 1124; x_wconf 92' lang='lat' dir='ltr'><strong>ubi</strong></span> <span class='ocrx_word' id='word_1_54' title='bbox 1162 1061 1336 1124; x_wconf 82' lang='lat' dir='ltr'><strong>veriorum·</strong></span> 
     </span>
     <span class='ocr_line' id='line_1_8' title="bbox 209 1155 1330 1246; baseline -0.001 -18"><span class='ocrx_word' id='word_1_55' title='bbox 209 1155 449 1239; x_wconf 63' lang='lat' dir='ltr'><strong>vauctorum,e</strong></span> <span class='ocrx_word' id='word_1_56' title='bbox 472 1162 596 1245; x_wconf 88' lang='lat' dir='ltr'><strong>quibus</strong></span> <span class='ocrx_word' id='word_1_57' title='bbox 617 1179 679 1223; x_wconf 86' lang='lat' dir='ltr'><strong>suu</strong></span> <span class='ocrx_word' id='word_1_58' title='bbox 701 1158 827 1237; x_wconf 82' lang='lat' dir='ltr'><strong>hausit,</strong></span> <span class='ocrx_word' id='word_1_59' title='bbox 847 1159 986 1225; x_wconf 83' lang='lat' dir='ltr'><strong>¹diversa</strong></span> <span class='ocrx_word' id='word_1_60' title='bbox 1009 1164 1247 1246; x_wconf 87' lang='lat' dir='ltr'><strong>supputatione</strong></span> <span class='ocrx_word' id='word_1_61' title='bbox 1270 1162 1330 1227; x_wconf 89' lang='lat' dir='ltr'><strong>de·</strong></span> 
     </span>
     <span class='ocr_line' id='line_1_9' title="bbox 225 1262 1329 1351; baseline 0 -20"><span class='ocrx_word' id='word_1_62' title='bbox 225 1273 343 1349; x_wconf 84' lang='lat' dir='ltr'><strong>ceptus</strong></span> <span class='ocrx_word' id='word_1_63' title='bbox 357 1267 537 1330; x_wconf 71' lang='lat' dir='ltr'><strong>oscitanter</strong></span> <span class='ocrx_word' id='word_1_64' title='bbox 559 1264 602 1328; x_wconf 90' lang='lat' dir='ltr'><strong>ab</strong></span> <span class='ocrx_word' id='word_1_65' title='bbox 626 1262 692 1327; x_wconf 91' lang='lat' dir='ltr'><strong>hac</strong></span> <span class='ocrx_word' id='word_1_66' title='bbox 716 1264 790 1346; x_wconf 80' lang='lat' dir='ltr'><strong>lege</strong></span> <span class='ocrx_word' id='word_1_67' title='bbox 812 1264 973 1330; x_wconf 80' lang='lat' dir='ltr'><strong>desciscit</strong></span> <span class='ocrx_word' id='word_1_68' title='bbox 993 1272 1251 1351; x_wconf 79' lang='lat' dir='ltr'><strong>etpraepostera</strong></span> <span class='ocrx_word' id='word_1_69' title='bbox 1273 1285 1329 1332; x_wconf 88' lang='lat' dir='ltr'><strong>ra·</strong></span> 
     </span>
     <span class='ocr_line' id='line_1_10' title="bbox 224 1367 1329 1454; baseline -0.002 -16"><span class='ocrx_word' id='word_1_70' title='bbox 224 1371 314 1438; x_wconf 75' lang='lat' dir='ltr'><strong>tiam</strong></span> <span class='ocrx_word' id='word_1_71' title='bbox 334 1371 480 1436; x_wconf 67' lang='lat' dir='ltr'><strong>miscere</strong></span> <span class='ocrx_word' id='word_1_72' title='bbox 520 1367 578 1433; x_wconf 85' lang='lat' dir='ltr'><strong>Ita</strong></span> <span class='ocrx_word' id='word_1_73' title='bbox 593 1367 747 1433; x_wconf 87' lang='lat' dir='ltr'><strong>consules</strong></span> <span class='ocrx_word' id='word_1_74' title='bbox 770 1369 962 1452; x_wconf 70' lang='lat' dir='ltr'><strong>praeponit,q</strong></span> <span class='ocrx_word' id='word_1_75' title='bbox 985 1372 1043 1454; x_wconf 88' lang='lat' dir='ltr'><strong>qui</strong></span> <span class='ocrx_word' id='word_1_76' title='bbox 1061 1371 1223 1436; x_wconf 86' lang='lat' dir='ltr'><strong>debebant</strong></span> <span class='ocrx_word' id='word_1_77' title='bbox 1248 1372 1329 1436; x_wconf 84' lang='lat' dir='ltr'><strong>sub-</strong></span> 
     </span>
     <span class='ocr_line' id='line_1_11' title="bbox 222 1471 1327 1558; baseline 0.004 -22"><span class='ocrx_word' id='word_1_78' title='bbox 222 1473 464 1558; x_wconf 82' lang='lat' dir='ltr'><strong>sequi,&#39;cudem</strong></span> <span class='ocrx_word' id='word_1_79' title='bbox 477 1491 562 1538; x_wconf 79' lang='lat' dir='ltr'><strong>anuo</strong></span> <span class='ocrx_word' id='word_1_80' title='bbox 582 1480 713 1553; x_wconf 84' lang='lat' dir='ltr'><strong>gestum</strong></span> <span class='ocrx_word' id='word_1_81' title='bbox 728 1471 1034 1555; x_wconf 83' lang='lat' dir='ltr'><strong>aliquiduffirmat‚¹</strong></span> <span class='ocrx_word' id='word_1_82' title='bbox 1048 1472 1136 1557; x_wconf 90' lang='lat' dir='ltr'><strong>quod</strong></span> <span class='ocrx_word' id='word_1_83' title='bbox 1160 1473 1202 1537; x_wconf 86' lang='lat' dir='ltr'><strong>ad</strong></span> <span class='ocrx_word' id='word_1_84' title='bbox 1221 1475 1327 1540; x_wconf 84' lang='lat' dir='ltr'><strong>alium</strong></span> 
     </span>
     <span class='ocr_line' id='line_1_12' title="bbox 222 1576 1327 1659; baseline 0 -18"><span class='ocrx_word' id='word_1_85' title='bbox 222 1577 342 1642; x_wconf 73' lang='lat' dir='ltr'><strong>rudius</strong></span> <span class='ocrx_word' id='word_1_86' title='bbox 355 1576 511 1653; x_wconf 88' lang='lat' dir='ltr'><strong>retulerit,</strong></span> <span class='ocrx_word' id='word_1_87' title='bbox 528 1595 589 1642; x_wconf 88' lang='lat' dir='ltr'><strong>uec</strong></span> <span class='ocrx_word' id='word_1_88' title='bbox 602 1594 743 1659; x_wconf 87' lang='lat' dir='ltr'><strong>semper,</strong></span> <span class='ocrx_word' id='word_1_89' title='bbox 767 1577 801 1640; x_wconf 92' lang='lat' dir='ltr'><strong>iu</strong></span> <span class='ocrx_word' id='word_1_90' title='bbox 828 1577 945 1658; x_wconf 89' lang='lat' dir='ltr'><strong>primis</strong></span> <span class='ocrx_word' id='word_1_91' title='bbox 971 1577 1033 1640; x_wconf 87' lang='lat' dir='ltr'><strong>sub</strong></span> <span class='ocrx_word' id='word_1_92' title='bbox 1053 1577 1327 1659; x_wconf 79' lang='lat' dir='ltr'><strong>imperatoribus,</strong></span> 
     </span>
     <span class='ocr_line' id='line_1_13' title="bbox 223 1680 1327 1765; baseline 0 -20"><span class='ocrx_word' id='word_1_93' title='bbox 223 1697 292 1765; x_wconf 92' lang='lat' dir='ltr'><strong>quo</strong></span> <span class='ocrx_word' id='word_1_94' title='bbox 305 1680 420 1746; x_wconf 88' lang='lat' dir='ltr'><strong>ordine</strong></span> <span class='ocrx_word' id='word_1_95' title='bbox 442 1680 574 1764; x_wconf 79' lang='lat' dir='ltr'><strong>singula</strong></span> <span class='ocrx_word' id='word_1_96' title='bbox 597 1698 635 1744; x_wconf 87' lang='lat' dir='ltr'><strong>se</strong></span> <span class='ocrx_word' id='word_1_97' title='bbox 657 1685 860 1763; x_wconf 83' lang='lat' dir='ltr'><strong>exceperunt</strong></span> <span class='ocrx_word' id='word_1_98' title='bbox 873 1682 908 1745; x_wconf 88' lang='lat' dir='ltr'><strong>et</strong></span> <span class='ocrx_word' id='word_1_99' title='bbox 921 1684 1204 1757; x_wconf 81' lang='lat' dir='ltr'><strong>consecuta-sunt,</strong></span> <span class='ocrx_word' id='word_1_100' title='bbox 1219 1681 1327 1763; x_wconf 86' lang='lat' dir='ltr'><strong>ponit,</strong></span> 
     </span>
     <span class='ocr_line' id='line_1_14' title="bbox 222 1782 1325 1867; baseline -0.001 -18"><span class='ocrx_word' id='word_1_101' title='bbox 222 1789 256 1849; x_wconf 85' lang='lat' dir='ltr'><strong>et</strong></span> <span class='ocrx_word' id='word_1_102' title='bbox 269 1784 323 1849; x_wconf 84' lang='lat' dir='ltr'><strong>vel</strong></span> <span class='ocrx_word' id='word_1_103' title='bbox 337 1803 414 1848; x_wconf 86' lang='lat' dir='ltr'><strong>sero</strong></span> <span class='ocrx_word' id='word_1_104' title='bbox 427 1783 589 1867; x_wconf 91' lang='lat' dir='ltr'><strong>appendit</strong></span> <span class='ocrx_word' id='word_1_105' title='bbox 600 1783 679 1861; x_wconf 86' lang='lat' dir='ltr'><strong>aliu,</strong></span> <span class='ocrx_word' id='word_1_106' title='bbox 698 1783 754 1848; x_wconf 82' lang='lat' dir='ltr'><strong>vel</strong></span> <span class='ocrx_word' id='word_1_107' title='bbox 778 1784 890 1867; x_wconf 88' lang='lat' dir='ltr'><strong>inepte</strong></span> <span class='ocrx_word' id='word_1_108' title='bbox 914 1783 1069 1848; x_wconf 86' lang='lat' dir='ltr'><strong>obtrudit.</strong></span> <span class='ocrx_word' id='word_1_109' title='bbox 1115 1782 1154 1846; x_wconf 92' lang='lat' dir='ltr'><strong>In</strong></span> <span class='ocrx_word' id='word_1_110' title='bbox 1181 1783 1325 1848; x_wconf 73' lang='lat' dir='ltr'><strong>transitu</strong></span> 
     </span>
     <span class='ocr_line' id='line_1_15' title="bbox 223 1886 1326 1970; baseline -0.003 -15"><span class='ocrx_word' id='word_1_111' title='bbox 223 1893 333 1955; x_wconf 73' lang='lat' dir='ltr'><strong>eutem</strong></span> <span class='ocrx_word' id='word_1_112' title='bbox 349 1888 393 1952; x_wconf 90' lang='lat' dir='ltr'><strong>ad</strong></span> <span class='ocrx_word' id='word_1_113' title='bbox 407 1907 461 1951; x_wconf 89' lang='lat' dir='ltr'><strong>res</strong></span> <span class='ocrx_word' id='word_1_114' title='bbox 476 1887 684 1956; x_wconf 81' lang='lat' dir='ltr'><strong>novasvarie</strong></span> <span class='ocrx_word' id='word_1_115' title='bbox 698 1888 785 1952; x_wconf 87' lang='lat' dir='ltr'><strong>solet</strong></span> <span class='ocrx_word' id='word_1_116' title='bbox 794 1893 925 1969; x_wconf 87' lang='lat' dir='ltr'><strong>tempus</strong></span> <span class='ocrx_word' id='word_1_117' title='bbox 939 1886 1097 1964; x_wconf 87' lang='lat' dir='ltr'><strong>iudicare,</strong></span> <span class='ocrx_word' id='word_1_118' title='bbox 1109 1886 1326 1970; x_wconf 84' lang='lat' dir='ltr'><strong>formulisque</strong></span> 
     </span>
     <span class='ocr_line' id='line_1_16' title="bbox 222 1987 1327 2075; baseline -0.002 -19"><span class='ocrx_word' id='word_1_119' title='bbox 222 1992 375 2068; x_wconf 41' lang='lat' dir='ltr'><strong>suisruti,</strong></span> <span class='ocrx_word' id='word_1_120' title='bbox 395 2009 533 2075; x_wconf 89' lang='lat' dir='ltr'><strong>quarum</strong></span> <span class='ocrx_word' id='word_1_121' title='bbox 559 1997 673 2054; x_wconf 83' lang='lat' dir='ltr'><strong>tumen</strong></span> <span class='ocrx_word' id='word_1_122' title='bbox 695 1989 819 2072; x_wconf 84' lang='lat' dir='ltr'><strong>aliquae</strong></span> <span class='ocrx_word' id='word_1_123' title='bbox 842 1989 953 2053; x_wconf 82' lang='lat' dir='ltr'><strong>laxius</strong></span> <span class='ocrx_word' id='word_1_124' title='bbox 974 1988 1095 2053; x_wconf 84' lang='lat' dir='ltr'><strong>valent.</strong></span> <span class='ocrx_word' id='word_1_125' title='bbox 1140 1987 1197 2052; x_wconf 86' lang='lat' dir='ltr'><strong>Ita</strong></span> <span class='ocrx_word' id='word_1_126' title='bbox 1222 1987 1327 2054; x_wconf 80' lang='lat' dir='ltr'><strong>eodem</strong></span> 
     </span>
     <span class='ocr_line' id='line_1_17' title="bbox 222 2091 1324 2179; baseline -0.001 -22"><span class='ocrx_word' id='word_1_127' title='bbox 222 2104 355 2179; x_wconf 84' lang='lat' dir='ltr'><strong>tempore</strong></span> <span class='ocrx_word' id='word_1_128' title='bbox 381 2093 510 2158; x_wconf 84' lang='lat' dir='ltr'><strong>factum</strong></span> <span class='ocrx_word' id='word_1_129' title='bbox 533 2093 663 2177; x_wconf 87' lang='lat' dir='ltr'><strong>aliquid</strong></span> <span class='ocrx_word' id='word_1_130' title='bbox 678 2094 820 2170; x_wconf 78' lang='lat' dir='ltr'><strong>scribit,⁸</strong></span> <span class='ocrx_word' id='word_1_131' title='bbox 840 2093 899 2156; x_wconf 90' lang='lat' dir='ltr'><strong>ubi</strong></span> <span class='ocrx_word' id='word_1_132' title='bbox 920 2091 978 2157; x_wconf 90' lang='lat' dir='ltr'><strong>alii</strong></span> <span class='ocrx_word' id='word_1_133' title='bbox 1003 2093 1133 2179; x_wconf 90' lang='lat' dir='ltr'><strong>aliquot</strong></span> <span class='ocrx_word' id='word_1_134' title='bbox 1153 2112 1324 2173; x_wconf 83' lang='lat' dir='ltr'><strong>amrorum,</strong></span> 
     </span>
     <span class='ocr_line' id='line_1_18' title="bbox 221 2196 1322 2281; baseline 0.001 -19"><span class='ocrx_word' id='word_1_135' title='bbox 221 2198 325 2274; x_wconf 73' lang='lat' dir='ltr'><strong>veluti</strong></span> <span class='ocrx_word' id='word_1_136' title='bbox 338 2196 462 2275; x_wconf 77' lang='lat' dir='ltr'><strong>bienii,t</strong></span> <span class='ocrx_word' id='word_1_137' title='bbox 486 2202 544 2261; x_wconf 87' lang='lat' dir='ltr'><strong>aut</strong></span> <span class='ocrx_word' id='word_1_138' title='bbox 568 2197 725 2280; x_wconf 86' lang='lat' dir='ltr'><strong>plurium¹¹</strong></span> <span class='ocrx_word' id='word_1_139' title='bbox 743 2216 903 2261; x_wconf 91' lang='lat' dir='ltr'><strong>annorum</strong></span> <span class='ocrx_word' id='word_1_140' title='bbox 924 2196 1070 2280; x_wconf 87' lang='lat' dir='ltr'><strong>spatium</strong></span> <span class='ocrx_word' id='word_1_141' title='bbox 1099 2198 1322 2281; x_wconf 89' lang='lat' dir='ltr'><strong>interponunt.</strong></span> 
     </span>
     <span class='ocr_line' id='line_1_19' title="bbox 221 2297 1325 2383; baseline -0.001 -17"><span class='ocrx_word' id='word_1_142' title='bbox 221 2297 331 2366; x_wconf 77' lang='lat' dir='ltr'><strong>illibi¹</strong></span> <span class='ocrx_word' id='word_1_143' title='bbox 340 2310 411 2383; x_wconf 81' lang='lat' dir='ltr'><strong>post</strong></span> <span class='ocrx_word' id='word_1_144' title='bbox 436 2322 504 2364; x_wconf 83' lang='lat' dir='ltr'><strong>eam</strong></span> <span class='ocrx_word' id='word_1_145' title='bbox 529 2300 632 2365; x_wconf 88' lang='lat' dir='ltr'><strong>latius</strong></span> <span class='ocrx_word' id='word_1_146' title='bbox 652 2300 746 2380; x_wconf 91' lang='lat' dir='ltr'><strong>dicit,</strong></span> <span class='ocrx_word' id='word_1_147' title='bbox 768 2299 858 2383; x_wconf 91' lang='lat' dir='ltr'><strong>quod</strong></span> <span class='ocrx_word' id='word_1_148' title='bbox 874 2299 917 2364; x_wconf 85' lang='lat' dir='ltr'><strong>ad</strong></span> <span class='ocrx_word' id='word_1_149' title='bbox 933 2301 1120 2383; x_wconf 85' lang='lat' dir='ltr'><strong>proximum</strong></span> <span class='ocrx_word' id='word_1_150' title='bbox 1146 2319 1325 2365; x_wconf 87' lang='lat' dir='ltr'><strong>suceesso-</strong></span> 
     </span>
     <span class='ocr_line' id='line_1_20' title="bbox 220 2403 1326 2489; baseline 0 -18"><span class='ocrx_word' id='word_1_151' title='bbox 220 2404 386 2471; x_wconf 83' lang='lat' dir='ltr'><strong>nerumale</strong></span> <span class='ocrx_word' id='word_1_152' title='bbox 403 2404 529 2489; x_wconf 83' lang='lat' dir='ltr'><strong>aliquis</strong></span> <span class='ocrx_word' id='word_1_153' title='bbox 541 2404 699 2482; x_wconf 70' lang='lat' dir='ltr'><strong>redderit,</strong></span> <span class='ocrx_word' id='word_1_154' title='bbox 714 2411 748 2469; x_wconf 88' lang='lat' dir='ltr'><strong>et</strong></span> <span class='ocrx_word' id='word_1_155' title='bbox 762 2403 971 2489; x_wconf 79' lang='lat' dir='ltr'><strong>Verheykius</strong></span> <span class='ocrx_word' id='word_1_156' title='bbox 995 2403 1050 2469; x_wconf 87' lang='lat' dir='ltr'><strong>vel</strong></span> <span class='ocrx_word' id='word_1_157' title='bbox 1071 2424 1116 2487; x_wconf 76' lang='lat' dir='ltr'><strong>ex</strong></span> <span class='ocrx_word' id='word_1_158' title='bbox 1140 2404 1262 2470; x_wconf 87' lang='lat' dir='ltr'><strong>lacuna</strong></span> <span class='ocrx_word' id='word_1_159' title='bbox 1282 2405 1326 2471; x_wconf 90' lang='lat' dir='ltr'><strong>li·</strong></span> 
     </span>
     <span class='ocr_line' id='line_1_21' title="bbox 220 2506 1325 2593; baseline 0.001 -21"><span class='ocrx_word' id='word_1_160' title='bbox 220 2506 403 2572; x_wconf 81' lang='lat' dir='ltr'><strong>brutiorum</strong></span> <span class='ocrx_word' id='word_1_161' title='bbox 415 2506 498 2572; x_wconf 81' lang='lat' dir='ltr'><strong>vitio</strong></span> <span class='ocrx_word' id='word_1_162' title='bbox 513 2513 597 2584; x_wconf 89' lang='lat' dir='ltr'><strong>orta,</strong></span> <span class='ocrx_word' id='word_1_163' title='bbox 610 2507 720 2571; x_wconf 82' lang='lat' dir='ltr'><strong>velex</strong></span> <span class='ocrx_word' id='word_1_164' title='bbox 737 2526 843 2590; x_wconf 87' lang='lat' dir='ltr'><strong>prava</strong></span> <span class='ocrx_word' id='word_1_165' title='bbox 863 2506 1017 2590; x_wconf 88' lang='lat' dir='ltr'><strong>Eutropii</strong></span> <span class='ocrx_word' id='word_1_166' title='bbox 1037 2509 1198 2591; x_wconf 86' lang='lat' dir='ltr'><strong>opinione</strong></span> <span class='ocrx_word' id='word_1_167' title='bbox 1213 2508 1325 2593; x_wconf 82' lang='lat' dir='ltr'><strong>expli·</strong></span> 
     </span>
     <span class='ocr_line' id='line_1_22' title="bbox 220 2608 1325 2694; baseline 0.001 -20"><span class='ocrx_word' id='word_1_168' title='bbox 220 2609 365 2681; x_wconf 88' lang='lat' dir='ltr'><strong>candum</strong></span> <span class='ocrx_word' id='word_1_169' title='bbox 380 2617 477 2693; x_wconf 83' lang='lat' dir='ltr'><strong>putet</strong></span> <span class='ocrx_word' id='word_1_170' title='bbox 531 2608 598 2673; x_wconf 87' lang='lat' dir='ltr'><strong>Sed</strong></span> <span class='ocrx_word' id='word_1_171' title='bbox 618 2614 651 2673; x_wconf 88' lang='lat' dir='ltr'><strong>et</strong></span> <span class='ocrx_word' id='word_1_172' title='bbox 662 2610 710 2672; x_wconf 87' lang='lat' dir='ltr'><strong>itu</strong></span> <span class='ocrx_word' id='word_1_173' title='bbox 724 2609 760 2671; x_wconf 88' lang='lat' dir='ltr'><strong>in</strong></span> <span class='ocrx_word' id='word_1_174' title='bbox 774 2608 891 2674; x_wconf 88' lang='lat' dir='ltr'><strong>eodem</strong></span> <span class='ocrx_word' id='word_1_175' title='bbox 905 2610 981 2674; x_wconf 93' lang='lat' dir='ltr'><strong>loco</strong></span> <span class='ocrx_word' id='word_1_176' title='bbox 996 2611 1099 2692; x_wconf 90' lang='lat' dir='ltr'><strong>paulo</strong></span> <span class='ocrx_word' id='word_1_177' title='bbox 1117 2611 1252 2694; x_wconf 87' lang='lat' dir='ltr'><strong>quidem</strong></span> <span class='ocrx_word' id='word_1_178' title='bbox 1273 2612 1325 2676; x_wconf 88' lang='lat' dir='ltr'><strong>in·</strong></span> 
     </span>
     <span class='ocr_line' id='line_1_23' title="bbox 217 2710 1325 2797; baseline 0 -20"><span class='ocrx_word' id='word_1_179' title='bbox 217 2710 321 2777; x_wconf 74' lang='lat' dir='ltr'><strong>terius</strong></span> <span class='ocrx_word' id='word_1_180' title='bbox 335 2714 478 2797; x_wconf 87' lang='lat' dir='ltr'><strong>ponitur,</strong></span> <span class='ocrx_word' id='word_1_181' title='bbox 493 2717 526 2776; x_wconf 90' lang='lat' dir='ltr'><strong>et</strong></span> <span class='ocrx_word' id='word_1_182' title='bbox 545 2712 624 2794; x_wconf 90' lang='lat' dir='ltr'><strong>poni</strong></span> <span class='ocrx_word' id='word_1_183' title='bbox 647 2716 770 2794; x_wconf 88' lang='lat' dir='ltr'><strong>potest,</strong></span> <span class='ocrx_word' id='word_1_184' title='bbox 791 2716 827 2777; x_wconf 85' lang='lat' dir='ltr'><strong>ut</strong></span> <span class='ocrx_word' id='word_1_185' title='bbox 847 2711 1021 2794; x_wconf 73' lang='lat' dir='ltr'><strong>praeteritis</strong></span> <span class='ocrx_word' id='word_1_186' title='bbox 1045 2712 1099 2790; x_wconf 87' lang='lat' dir='ltr'><strong>iis,</strong></span> <span class='ocrx_word' id='word_1_187' title='bbox 1125 2731 1202 2796; x_wconf 89' lang='lat' dir='ltr'><strong>quae</strong></span> <span class='ocrx_word' id='word_1_188' title='bbox 1224 2714 1325 2778; x_wconf 90' lang='lat' dir='ltr'><strong>iuter·</strong></span> 
     </span>
     <span class='ocr_line' id='line_1_24' title="bbox 214 2811 1325 2899; baseline 0.001 -20"><span class='ocrx_word' id='word_1_189' title='bbox 214 2814 309 2899; x_wconf 86' lang='lat' dir='ltr'><strong>jectu</strong></span> <span class='ocrx_word' id='word_1_190' title='bbox 321 2821 426 2890; x_wconf 88' lang='lat' dir='ltr'><strong>erant,</strong></span> <span class='ocrx_word' id='word_1_191' title='bbox 444 2811 654 2877; x_wconf 79' lang='lat' dir='ltr'><strong>festinantius</strong></span> <span class='ocrx_word' id='word_1_192' title='bbox 669 2813 712 2876; x_wconf 84' lang='lat' dir='ltr'><strong>ad</strong></span> <span class='ocrx_word' id='word_1_193' title='bbox 727 2814 935 2895; x_wconf 86' lang='lat' dir='ltr'><strong>superiorum</strong></span> <span class='ocrx_word' id='word_1_194' title='bbox 949 2816 1089 2893; x_wconf 88' lang='lat' dir='ltr'><strong>exitum,</strong></span> <span class='ocrx_word' id='word_1_195' title='bbox 1105 2816 1157 2879; x_wconf 86' lang='lat' dir='ltr'><strong>vel</strong></span> <span class='ocrx_word' id='word_1_196' title='bbox 1172 2816 1216 2879; x_wconf 88' lang='lat' dir='ltr'><strong>ad</strong></span> <span class='ocrx_word' id='word_1_197' title='bbox 1231 2815 1325 2880; x_wconf 90' lang='lat' dir='ltr'><strong>simi-</strong></span> 
     </span>
     <span class='ocr_line' id='line_1_25' title="bbox 218 2913 1324 3001; baseline 0.001 -18"><span class='ocrx_word' id='word_1_198' title='bbox 218 2919 298 2983; x_wconf 89' lang='lat' dir='ltr'><strong>lium</strong></span> <span class='ocrx_word' id='word_1_199' title='bbox 314 2936 500 2982; x_wconf 85' lang='lat' dir='ltr'><strong>connexum</strong></span> <span class='ocrx_word' id='word_1_200' title='bbox 514 2915 681 2980; x_wconf 81' lang='lat' dir='ltr'><strong>deducat·</strong></span> <span class='ocrx_word' id='word_1_201' title='bbox 715 2913 786 2978; x_wconf 85' lang='lat' dir='ltr'><strong>Ubi</strong></span> <span class='ocrx_word' id='word_1_202' title='bbox 807 2916 883 2998; x_wconf 88' lang='lat' dir='ltr'><strong>ipse</strong></span> <span class='ocrx_word' id='word_1_203' title='bbox 901 2921 1032 2999; x_wconf 88' lang='lat' dir='ltr'><strong>tempus</strong></span> <span class='ocrx_word' id='word_1_204' title='bbox 1046 2917 1094 2980; x_wconf 87' lang='lat' dir='ltr'><strong>rei</strong></span> <span class='ocrx_word' id='word_1_205' title='bbox 1108 2923 1212 3000; x_wconf 71' lang='lat' dir='ltr'><strong>gestas</strong></span> <span class='ocrx_word' id='word_1_206' title='bbox 1229 2919 1324 3001; x_wconf 80' lang='lat' dir='ltr'><strong>ignu-</strong></span> 
     </span>
     <span class='ocr_line' id='line_1_26' title="bbox 217 3017 1324 3102; baseline 0 -16"><span class='ocrx_word' id='word_1_207' title='bbox 217 3037 312 3086; x_wconf 83' lang='lat' dir='ltr'><strong>msse</strong></span> <span class='ocrx_word' id='word_1_208' title='bbox 336 3020 485 3097; x_wconf 87' lang='lat' dir='ltr'><strong>videtur,¹</strong></span> <span class='ocrx_word' id='word_1_209' title='bbox 500 3019 552 3083; x_wconf 87' lang='lat' dir='ltr'><strong>vel</strong></span> <span class='ocrx_word' id='word_1_210' title='bbox 578 3018 714 3082; x_wconf 91' lang='lat' dir='ltr'><strong>omnino</strong></span> <span class='ocrx_word' id='word_1_211' title='bbox 741 3022 870 3081; x_wconf 90' lang='lat' dir='ltr'><strong>tantum</strong></span> <span class='ocrx_word' id='word_1_212' title='bbox 899 3036 944 3081; x_wconf 82' lang='lat' dir='ltr'><strong>ex</strong></span> <span class='ocrx_word' id='word_1_213' title='bbox 974 3017 1207 3102; x_wconf 89' lang='lat' dir='ltr'><strong>adjunctarum</strong></span> <span class='ocrx_word' id='word_1_214' title='bbox 1232 3040 1324 3086; x_wconf 91' lang='lat' dir='ltr'><strong>com·</strong></span> 
     </span>
     <span class='ocr_line' id='line_1_27' title="bbox 217 3118 1324 3209; baseline 0.002 -23"><span class='ocrx_word' id='word_1_215' title='bbox 217 3122 453 3186; x_wconf 82' lang='lat' dir='ltr'><strong>memoratione</strong></span> <span class='ocrx_word' id='word_1_216' title='bbox 482 3126 597 3185; x_wconf 85' lang='lat' dir='ltr'><strong>notare</strong></span> <span class='ocrx_word' id='word_1_217' title='bbox 625 3120 746 3197; x_wconf 87' lang='lat' dir='ltr'><strong>voluit,</strong></span> <span class='ocrx_word' id='word_1_218' title='bbox 776 3118 887 3183; x_wconf 88' lang='lat' dir='ltr'><strong>dicere</strong></span> <span class='ocrx_word' id='word_1_219' title='bbox 920 3120 1004 3187; x_wconf 85' lang='lat' dir='ltr'><strong>solet</strong></span> <span class='ocrx_word' id='word_1_220' title='bbox 1027 3143 1088 3207; x_wconf 84' lang='lat' dir='ltr'><strong>per</strong></span> <span class='ocrx_word' id='word_1_221' title='bbox 1114 3121 1150 3185; x_wconf 82' lang='lat' dir='ltr'><strong>id</strong></span> <span class='ocrx_word' id='word_1_222' title='bbox 1178 3132 1324 3209; x_wconf 65' lang='lat' dir='ltr'><strong>tenpus!</strong></span> 
     </span>
    </p>
   </div>
   <div class='ocr_carea' id='block_1_3' title="bbox 216 3230 1329 3623">
    <p class='ocr_par' dir='ltr' id='par_1_3' title="bbox 216 3230 1329 3623">
     <span class='ocr_line' id='line_1_28' title="bbox 218 3230 1324 3318; baseline 0.004 -21"><span class='ocrx_word' id='word_1_223' title='bbox 218 3230 385 3297; x_wconf 84' lang='lat' dir='ltr'><strong>Usitatius</strong></span> <span class='ocrx_word' id='word_1_224' title='bbox 411 3237 522 3295; x_wconf 89' lang='lat' dir='ltr'><strong>tamen</strong></span> <span class='ocrx_word' id='word_1_225' title='bbox 545 3230 632 3294; x_wconf 90' lang='lat' dir='ltr'><strong>hauc</strong></span> <span class='ocrx_word' id='word_1_226' title='bbox 656 3232 747 3295; x_wconf 86' lang='lat' dir='ltr'><strong>vlam</strong></span> <span class='ocrx_word' id='word_1_227' title='bbox 769 3232 904 3311; x_wconf 81' lang='lat' dir='ltr'><strong>insistit,</strong></span> <span class='ocrx_word' id='word_1_228' title='bbox 927 3241 964 3299; x_wconf 91' lang='lat' dir='ltr'><strong>ut</strong></span> <span class='ocrx_word' id='word_1_229' title='bbox 986 3235 1050 3297; x_wconf 91' lang='lat' dir='ltr'><strong>sub</strong></span> <span class='ocrx_word' id='word_1_230' title='bbox 1069 3235 1205 3316; x_wconf 80' lang='lat' dir='ltr'><strong>regibus</strong></span> <span class='ocrx_word' id='word_1_231' title='bbox 1218 3241 1324 3318; x_wconf 48' lang='lat' dir='ltr'><strong>*gestu</strong></span> 
     </span>
     <span class='ocr_line' id='line_1_29' title="bbox 216 3333 1323 3417; baseline 0.005 -19"><span class='ocrx_word' id='word_1_232' title='bbox 216 3333 442 3417; x_wconf 84' lang='lat' dir='ltr'><strong>descriptione</strong></span> <span class='ocrx_word' id='word_1_233' title='bbox 467 3334 625 3417; x_wconf 85' lang='lat' dir='ltr'><strong>temporis</strong></span> <span class='ocrx_word' id='word_1_234' title='bbox 646 3335 776 3398; x_wconf 89' lang='lat' dir='ltr'><strong>omissa</strong></span> <span class='ocrx_word' id='word_1_235' title='bbox 796 3353 862 3397; x_wconf 88' lang='lat' dir='ltr'><strong>uno</strong></span> <span class='ocrx_word' id='word_1_236' title='bbox 880 3336 1009 3402; x_wconf 90' lang='lat' dir='ltr'><strong>ambitu</strong></span> <span class='ocrx_word' id='word_1_237' title='bbox 1023 3339 1215 3403; x_wconf 90' lang='lat' dir='ltr'><strong>summatim</strong></span> <span class='ocrx_word' id='word_1_238' title='bbox 1229 3357 1323 3404; x_wconf 91' lang='lat' dir='ltr'><strong>com·</strong></span> 
     </span>
     <span class='ocr_line' id='line_1_30' title="bbox 217 3435 1329 3524; baseline 0.005 -23"><span class='ocrx_word' id='word_1_239' title='bbox 217 3436 397 3520; x_wconf 79' lang='lat' dir='ltr'><strong>plectatur,</strong></span> <span class='ocrx_word' id='word_1_240' title='bbox 412 3441 500 3520; x_wconf 84' lang='lat' dir='ltr'><strong>post,</strong></span> <span class='ocrx_word' id='word_1_241' title='bbox 515 3436 558 3499; x_wconf 87' lang='lat' dir='ltr'><strong>iis</strong></span> <span class='ocrx_word' id='word_1_242' title='bbox 585 3435 727 3513; x_wconf 81' lang='lat' dir='ltr'><strong>exactis,</strong></span> <span class='ocrx_word' id='word_1_243' title='bbox 744 3435 824 3499; x_wconf 92' lang='lat' dir='ltr'><strong>dum</strong></span> <span class='ocrx_word' id='word_1_244' title='bbox 841 3435 946 3501; x_wconf 89' lang='lat' dir='ltr'><strong>libera</strong></span> <span class='ocrx_word' id='word_1_245' title='bbox 968 3439 1073 3521; x_wconf 85' lang='lat' dir='ltr'><strong>viguit</strong></span> <span class='ocrx_word' id='word_1_246' title='bbox 1095 3460 1149 3504; x_wconf 88' lang='lat' dir='ltr'><strong>res</strong></span> <span class='ocrx_word' id='word_1_247' title='bbox 1171 3441 1329 3524; x_wconf 72' lang='lat' dir='ltr'><strong>publica,</strong></span> 
     </span>
     <span class='ocr_line' id='line_1_31' title="bbox 217 3536 1323 3623; baseline 0.005 -18"><span class='ocrx_word' id='word_1_248' title='bbox 217 3537 261 3605; x_wconf 80' lang='lat' dir='ltr'><strong>ed</strong></span> <span class='ocrx_word' id='word_1_249' title='bbox 273 3558 391 3604; x_wconf 87' lang='lat' dir='ltr'><strong>necem</strong></span> <span class='ocrx_word' id='word_1_250' title='bbox 405 3558 510 3623; x_wconf 86' lang='lat' dir='ltr'><strong>usque</strong></span> <span class='ocrx_word' id='word_1_251' title='bbox 523 3536 610 3603; x_wconf 85' lang='lat' dir='ltr'><strong>Julii</strong></span> <span class='ocrx_word' id='word_1_252' title='bbox 619 3537 782 3617; x_wconf 73' lang='lat' dir='ltr'><strong>Caesaris,</strong></span> <span class='ocrx_word' id='word_1_253' title='bbox 798 3559 902 3605; x_wconf 81' lang='lat' dir='ltr'><strong>anuos</strong></span> <span class='ocrx_word' id='word_1_254' title='bbox 925 3541 980 3606; x_wconf 81' lang='lat' dir='ltr'><strong>vel</strong></span> <span class='ocrx_word' id='word_1_255' title='bbox 1004 3561 1025 3606; x_wconf 87' lang='lat' dir='ltr'><strong>a</strong></span> <span class='ocrx_word' id='word_1_256' title='bbox 1045 3540 1246 3609; x_wconf 86' lang='lat' dir='ltr'><strong>Consulibus</strong></span> <span class='ocrx_word' id='word_1_257' title='bbox 1263 3545 1323 3611; x_wconf 90' lang='lat' dir='ltr'><strong>de·</strong></span> 
     </span>
    </p>
   </div>
   <div class='ocr_carea' id='block_1_4' title="bbox 710 3775 946 3827">
    <p class='ocr_par' dir='ltr' id='par_1_4' title="bbox 710 3775 946 3827">
     <span class='ocr_line' id='line_1_32' title="bbox 710 3775 946 3827; baseline 0 -1"><span class='ocrx_word' id='word_1_258' title='bbox 710 3775 817 3827; x_wconf 80' lang='lat' dir='ltr'>NOTAE</span> <span class='ocrx_word' id='word_1_259' title='bbox 941 3802 946 3809; x_wconf 95' lang='lat'>·</span> 
     </span>
    </p>
   </div>
   <div class='ocr_carea' id='block_1_5' title="bbox 214 3923 1320 4363">
    <p class='ocr_par' dir='ltr' id='par_1_5' title="bbox 247 3923 974 3990">
     <span class='ocr_line' id='line_1_33' title="bbox 247 3923 974 3990; baseline 0.004 -17"><span class='ocrx_word' id='word_1_260' title='bbox 247 3932 260 3958; x_wconf 73' lang='lat'><strong>³</strong></span> <span class='ocrx_word' id='word_1_261' title='bbox 277 3937 316 3974; x_wconf 77' lang='grc' dir='ltr'><strong>ιν.</strong></span> <span class='ocrx_word' id='word_1_262' title='bbox 333 3927 421 3973; x_wconf 72' lang='grc' dir='ltr'><strong>1(ὶ.-ο</strong></span> <span class='ocrx_word' id='word_1_263' title='bbox 437 3923 499 3975; x_wconf 83' lang='lat' dir='ltr'><strong>vid.</strong></span> <span class='ocrx_word' id='word_1_264' title='bbox 512 3938 543 3974; x_wconf 90' lang='grc' dir='ltr'><strong>ιι.</strong></span> <span class='ocrx_word' id='word_1_265' title='bbox 559 3929 586 3990; x_wconf 78' lang='lat'><strong>9,</strong></span> <span class='ocrx_word' id='word_1_266' title='bbox 597 3930 639 3977; x_wconf 68' lang='lat'><strong>2⁰.</strong></span> <span class='ocrx_word' id='word_1_267' title='bbox 820 3929 829 3960; x_wconf 61' lang='lat' dir='ltr'><strong>i</strong></span> <span class='ocrx_word' id='word_1_268' title='bbox 844 3927 974 3979; x_wconf 87' lang='lat' dir='ltr'><strong>rr.11.iu.</strong></span> 
     </span>
    </p>

    <p class='ocr_par' dir='ltr' id='par_1_6' title="bbox 246 3999 1320 4071">
     <span class='ocr_line' id='line_1_34' title="bbox 246 3999 1320 4071; baseline 0.003 -18"><span class='ocrx_word' id='word_1_269' title='bbox 246 3999 487 4054; x_wconf 61' lang='lat' dir='ltr'><strong>remmia.</strong></span> <span class='ocrx_word' id='word_1_270' title='bbox 819 4012 885 4055; x_wconf 74' lang='lat' dir='ltr'><strong>&#39;vu</strong></span> <span class='ocrx_word' id='word_1_271' title='bbox 909 4008 947 4055; x_wconf 89' lang='lat' dir='ltr'><strong>ll.</strong></span> <span class='ocrx_word' id='word_1_272' title='bbox 975 4003 1019 4053; x_wconf 81' lang='lat' dir='ltr'><strong>Sic</strong></span> <span class='ocrx_word' id='word_1_273' title='bbox 1038 4002 1180 4068; x_wconf 80' lang='lat' dir='ltr'><strong>interjecta</strong></span> <span class='ocrx_word' id='word_1_274' title='bbox 1210 4004 1320 4071; x_wconf 83' lang='lat' dir='ltr'><strong>omittit,</strong></span> 
     </span>
    </p>

    <p class='ocr_par' dir='ltr' id='par_1_7' title="bbox 214 4078 1300 4363">
     <span class='ocr_line' id='line_1_35' title="bbox 245 4078 1252 4146; baseline 0.001 -16"><span class='ocrx_word' id='word_1_275' title='bbox 245 4088 312 4130; x_wconf 63' lang='grc' dir='ltr'><strong>ιιι.</strong></span> <span class='ocrx_word' id='word_1_276' title='bbox 334 4084 375 4130; x_wconf 79' lang='lat'><strong>21.</strong></span> <span class='ocrx_word' id='word_1_277' title='bbox 405 4080 441 4129; x_wconf 88' lang='lat' dir='ltr'><strong>iu.</strong></span> <span class='ocrx_word' id='word_1_278' title='bbox 476 4081 644 4146; x_wconf 74' lang='lat' dir='ltr'><strong>Praeportero</strong></span> <span class='ocrx_word' id='word_1_279' title='bbox 666 4082 746 4134; x_wconf 80' lang='lat' dir='ltr'><strong>etiam</strong></span> <span class='ocrx_word' id='word_1_280' title='bbox 788 4086 956 4145; x_wconf 77' lang='lat' dir='ltr'><strong>extremaque</strong></span> <span class='ocrx_word' id='word_1_281' title='bbox 968 4080 1042 4145; x_wconf 87' lang='lat' dir='ltr'><strong>ponit</strong></span> <span class='ocrx_word' id='word_1_282' title='bbox 1052 4080 1124 4131; x_wconf 67' lang='lat' dir='ltr'><strong>stibi.</strong></span> <span class='ocrx_word' id='word_1_283' title='bbox 1136 4078 1178 4131; x_wconf 83' lang='lat' dir='ltr'><strong>Cf.</strong></span> <span class='ocrx_word' id='word_1_284' title='bbox 1191 4094 1214 4131; x_wconf 86' lang='lat' dir='ltr'><strong>v.</strong></span> <span class='ocrx_word' id='word_1_285' title='bbox 1226 4085 1252 4131; x_wconf 77' lang='grc'><strong>8.</strong></span> 
     </span>
     <span class='ocr_line' id='line_1_36' title="bbox 214 4154 945 4210; baseline 0.001 -4"><span class='ocrx_word' id='word_1_286' title='bbox 214 4154 305 4206; x_wconf 85' lang='lat' dir='ltr'><strong>ordine</strong></span> <span class='ocrx_word' id='word_1_287' title='bbox 321 4171 363 4207; x_wconf 76' lang='lat' dir='ltr'><strong>res</strong></span> <span class='ocrx_word' id='word_1_288' title='bbox 374 4163 464 4210; x_wconf 79' lang='lat' dir='ltr'><strong>narrat</strong></span> <span class='ocrx_word' id='word_1_289' title='bbox 475 4172 498 4209; x_wconf 82' lang='lat' dir='ltr'><strong>v.</strong></span> <span class='ocrx_word' id='word_1_290' title='bbox 515 4162 540 4209; x_wconf 75' lang='grc' dir='ltr'><strong>Β.</strong></span> <span class='ocrx_word' id='word_1_291' title='bbox 819 4164 832 4190; x_wconf 79' lang='lat'>¹</span> <span class='ocrx_word' id='word_1_292' title='bbox 849 4172 886 4209; x_wconf 79' lang='lat' dir='ltr'><strong>rr.</strong></span> <span class='ocrx_word' id='word_1_293' title='bbox 904 4162 945 4208; x_wconf 80' lang='grc'><strong>17.</strong></span> 
     </span>
     <span class='ocr_line' id='line_1_37' title="bbox 244 4234 1300 4292; baseline 0.006 -7"><span class='ocrx_word' id='word_1_294' title='bbox 244 4240 255 4266; x_wconf 76' lang='lat'>¹</span> <span class='ocrx_word' id='word_1_295' title='bbox 270 4247 316 4285; x_wconf 86' lang='grc' dir='ltr'><strong>ιιι.</strong></span> <span class='ocrx_word' id='word_1_296' title='bbox 330 4238 355 4286; x_wconf 81' lang='grc'><strong>7.</strong></span> <span class='ocrx_word' id='word_1_297' title='bbox 818 4242 829 4277; x_wconf 69' lang='lat' dir='ltr'><strong>r</strong></span> <span class='ocrx_word' id='word_1_298' title='bbox 846 4234 907 4287; x_wconf 85' lang='lat' dir='ltr'><strong>Vid.</strong></span> <span class='ocrx_word' id='word_1_299' title='bbox 919 4250 957 4289; x_wconf 83' lang='lat' dir='ltr'><strong>rr.</strong></span> <span class='ocrx_word' id='word_1_300' title='bbox 968 4241 1009 4288; x_wconf 85' lang='lat' dir='ltr'><strong>ll.</strong></span> <span class='ocrx_word' id='word_1_301' title='bbox 1026 4235 1062 4289; x_wconf 84' lang='lat' dir='ltr'><strong>iu.</strong></span> <span class='ocrx_word' id='word_1_302' title='bbox 1074 4250 1102 4288; x_wconf 84' lang='lat' dir='ltr'><strong>x.</strong></span> <span class='ocrx_word' id='word_1_303' title='bbox 1113 4241 1138 4289; x_wconf 80' lang='grc'><strong>4.</strong></span> <span class='ocrx_word' id='word_1_304' title='bbox 1155 4237 1192 4289; x_wconf 85' lang='grc' dir='ltr'><strong>ἰιι.</strong></span> <span class='ocrx_word' id='word_1_305' title='bbox 1204 4249 1247 4289; x_wconf 83' lang='lat' dir='ltr'><strong>rx.</strong></span> <span class='ocrx_word' id='word_1_306' title='bbox 1259 4243 1300 4292; x_wconf 82' lang='lat'><strong>21.</strong></span> 
     </span>
     <span class='ocr_line' id='line_1_38' title="bbox 245 4316 1000 4363; baseline 0.005 -3"><span class='ocrx_word' id='word_1_307' title='bbox 245 4316 338 4363; x_wconf 64' lang='lat' dir='ltr'><strong>uno.</strong></span> <span class='ocrx_word' id='word_1_308' title='bbox 576 4330 582 4341; x_wconf 93' lang='lat'><strong>·</strong></span> <span class='ocrx_word' id='word_1_309' title='bbox 636 4334 639 4339; x_wconf 95' lang='lat'>·</span> <span class='ocrx_word' id='word_1_310' title='bbox 823 4320 833 4345; x_wconf 64' lang='lat'><strong>¹·</strong></span> <span class='ocrx_word' id='word_1_311' title='bbox 906 4336 909 4343; x_wconf 69' lang='lat'><strong>,</strong></span> <span class='ocrx_word' id='word_1_312' title='bbox 995 4336 1000 4345; x_wconf 93' lang='lat'><strong>·</strong></span> 
     </span>
    </p>
   </div>
   <div class='ocr_carea' id='block_1_6' title="bbox 0 0 1500 4875">
    <p class='ocr_par' dir='ltr' id='par_1_8' title="bbox 0 0 1500 4875">
     <span class='ocr_line' id='line_1_39' title="bbox 0 0 1500 4875; baseline 0 4"><span class='ocrx_word' id='word_1_313' title='bbox 0 0 1500 4875; x_wconf 95' lang='lat' dir='ltr'><strong> </strong></span> 
     </span>
    </p>
   </div>
  </div>
 </body>
</html>
