2992 4875
473 937 932 1035 SERENISSIMO

314 1243 1081 1410 DELPHINO

610 1549 647 1616 S.
671 1549 713 1617 P.
736 1548 783 1618 li.

236 1812 398 1892 ANNA
430 1815 761 1907 TANAQUILLI
795 1817 959 1947 FdBRI
993 1815 1151 1894 FILIA·

7 2401 8 2483 j
140 2372 264 2465 Arum
290 2394 469 2483 Antiquos,
485 2413 562 2462 eum
575 2395 652 2481 quis
667 2397 739 2476 arii,
761 2414 862 2482 quam
877 2395 1103 2483 profitebatur,
1118 2394 1248 2463 ruedi·
1277 2464 1280 2471 ,

7 2490 9 2507 ’
138 2518 213 2567 cere
227 2500 346 2580 vellet,
361 2500 492 2566 solebat
516 2500 571 2563 ille
595 2499 709 2563 omnia
733 2501 913 2565 artissuae
929 2500 1145 2564 instrumente
1159 2500 1246 2578 Deo,

7 2598 9 2657 ἷ
138 2606 196 2689 qui
221 2604 340 2673 eidem
364 2602 577 2689 praesidebat,
600 2601 765 2679 dedicare,
781 2621 886 2686 eaque
909 2600 983 2685 ejus
998 2600 1124 2683 templo
1139 2620 1247 2685 appo·

137 2718 222 2773 uere.
274 2706 385 2771 Simiii
398 2706 522 2770 ratione
534 2722 625 2768 nune
635 2703 763 2768 Tecum
776 2722 871 2786 agere
886 2702 1028 2780 decrevi,
1044 2703 1246 2769 Debemus

138 2808 421 2877 smsmssms:
443 2809 500 2873 hie
514 2806 592 2873 Tibi
618 2806 721 2872 Musa
743 2815 856 2872 nostra
870 2805 993 2871 Latina
1018 2805 1155 2885 desinet,
1169 2825 1247 2890 quse

140 2932 161 2978 a
180 2913 233 2978 Te
263 2913 466 2996 principium
491 2913 622 2990 sumsit,
647 2930 791 2995 quaeque
811 2917 944 2996 propter
965 2908 1017 2974 Te
1041 2910 1151 2975 solum
1172 2927 1248 2973 sese

139 3015 333 3081 homiuibus
348 3014 518 3080 ostendere
543 3034 609 3079 uon
634 3014 741 3080 verite
766 3022 828 3079 est.
873 3012 963 3078 Olim
988 3011 1123 3096 quidem
1149 3010 1248 3095 qussi

139 3117 303 3184 lusoriam
329 3137 464 3201 operam
488 3118 593 3184 literis
618 3118 754 3195 navari,
767 3117 860 3182 nulls
885 3115 1068 3199 cupiditate
1083 3114 1247 3196 scriptum

7 3256 9 3271 ν
142 3220 282 3306 aliquod
298 3220 408 3299 edere,
428 3221 525 3286 etsie
549 3222 585 3285 in
604 3240 665 3286 ora
678 3219 847 3285 homiuum
860 3218 1053 3302 pervenire3
1077 3215 1137 3279 sed
1153 3220 1248 3299 post-

7 3368 8 3417 ,
143 3343 244 3407 quam
260 3325 304 3388 ab
321 3323 545 3389 invictissimo
563 3330 619 3389 tuo
633 3322 789 3401 Parente,
803 3318 1042 3387 institutionem
1058 3325 1151 3383 tuam
1165 3336 1248 3401 quo·

7 3454 8 3495 ι
143 3447 208 3512 quo
219 3426 324 3492 modo
342 3429 471 3513 juvare,
494 3433 528 3491 et
543 3426 689 3492 studiola
702 3445 779 3491 mea
791 3426 827 3490 in
840 3444 935 3490 usum
951 3429 1046 3488 tuum
1061 3426 1249 3487 convertero

138 3527 240 3611 jussa
267 3549 352 3608 sum,
378 3528 529 3594 mihimet
555 3527 673 3593 deesse
698 3548 766 3592 uon
789 3527 893 3612 potui,
914 3524 994 3610 quin
1017 3541 1139 3587 munus
1164 3522 1248 3587 illud

7 3674 8 3707 2
142 3631 224 3695 mihi
248 3631 619 3696 honorificentissimum
641 3631 806 3694 sustinere
830 3647 976 3693 conarer.
1020 3625 1119 3709 Coepi
1134 3624 1249 3708 itaque

7 3784 8 3805 .
143 3751 211 3797 rem
230 3735 351 3799 seriam
377 3733 522 3817 aggredi,
545 3739 580 3798 et
603 3735 712 3818 primo
738 3724 874 3817 quidem
888 3729 1096 3795 Historicum
1112 3725 1248 3791 Florum

7 3836 8 3865 ³
144 3837 207 3901 sub
224 3836 389 3921 auspiciis
409 3837 478 3906 ruis
502 3836 610 3913 emisi,
633 3835 753 3902 deiude
768 3835 895 3919 Dictyn
911 3828 1115 3908 Cretensem,
1130 3832 1250 3913 postea

145 3939 286 4004 Sextum
311 3937 488 4005 Aurelium
500 3938 687 4015 Victorem,
713 3943 747 4001 et
770 3956 859 4001 nunc
885 3935 1019 4000 taudem
1040 3931 1249 4014 Eutropium.

7 4032 8 4049 ¹
145 4039 279 4118 Fateor,
295 4040 499 4105 Duusumu
516 4039 788 4116 Sssuurssrus,
808 4059 850 4104 ea
865 4057 926 4122 spe
939 4057 991 4125 me
1007 4034 1066 4099 diu
1081 4033 1248 4098 oblectare

144 4160 210 4207 nou
225 4144 329 4227 potui,
345 4144 414 4209 sore
438 4149 477 4207 ut
500 4141 594 4208 hoece
610 4140 913 4231 Cpmmentetiones
925 4137 1006 4202 Tibi
1018 4135 1158 4202 multum
1171 4154 1250 4220 pro·

7 4234 8 4325 J
146 4243 244 4311 dem
258 4252 405 4330 possent.
450 4242 537 4309 Mihi
552 4264 627 4310 eom
651 4243 785 4309 leudem
807 4242 983 4327 praeripuit
1004 4238 1169 4306 industria
1190 4243 1250 4303 tua

210 4360 333 4428 ΜΡΝ
348 4361 407 4416 Ver.
420 4361 486 4414 cm
653 4362 756 4427 Edrop.
1159 4352 1184 4405 Α
