<?xml version="1.0" encoding="UTF-8"?>
<!DOCTYPE html PUBLIC "-//W3C//DTD XHTML 1.0 Transitional//EN"
    "http://www.w3.org/TR/xhtml1/DTD/xhtml1-transitional.dtd">
<html xmlns="http://www.w3.org/1999/xhtml" xml:lang="en" lang="en">
 <head>
  <title>
</title>
<meta http-equiv="Content-Type" content="text/html;charset=utf-8" />
  <meta name='ocr-system' content='tesseract 3.04.00' />
  <meta name='ocr-capabilities' content='ocr_page ocr_carea ocr_par ocr_line ocrx_word'/>
</head>
<body>
  <div class='ocr_page' id='page_1' title='image "./breviariumhisto02verhgoog/breviariumhisto02verhgoog_0018.png"; bbox 0 0 2992 4875; ppageno 0'>
   <div class='ocr_carea' id='block_1_1' title="bbox 201 336 875 402">
    <p class='ocr_par' dir='ltr' id='par_1_1' title="bbox 201 336 875 402">
     <span class='ocr_line' id='line_1_1' title="bbox 201 336 875 402; baseline -0.004 0"><span class='ocrx_word' id='word_1_1' title='bbox 201 361 207 371; x_wconf 90' lang='grc'><em>·</em></span> <span class='ocrx_word' id='word_1_2' title='bbox 225 336 248 402; x_wconf 79' lang='lat'>2</span> <span class='ocrx_word' id='word_1_3' title='bbox 680 348 875 399; x_wconf 78' lang='lat' dir='ltr'><strong>rrrsrour.</strong></span> 
     </span>
    </p>
   </div>
   <div class='ocr_carea' id='block_1_2' title="bbox 222 490 1328 683">
    <p class='ocr_par' dir='ltr' id='par_1_2' title="bbox 222 490 1328 683">
     <span class='ocr_line' id='line_1_2' title="bbox 223 490 1327 580; baseline -0.004 -19"><span class='ocrx_word' id='word_1_4' title='bbox 223 500 258 568; x_wconf 87' lang='lat' dir='ltr'><strong>et</strong></span> <span class='ocrx_word' id='word_1_5' title='bbox 279 495 404 579; x_wconf 80' lang='lat' dir='ltr'><strong>ingenii</strong></span> <span class='ocrx_word' id='word_1_6' title='bbox 425 495 473 561; x_wconf 90' lang='lat' dir='ltr'><strong>tui</strong></span> <span class='ocrx_word' id='word_1_7' title='bbox 487 494 651 573; x_wconf 74' lang='lat' dir='ltr'><strong>celeritas,</strong></span> <span class='ocrx_word' id='word_1_8' title='bbox 665 495 790 580; x_wconf 87' lang='lat' dir='ltr'><strong>quippe</strong></span> <span class='ocrx_word' id='word_1_9' title='bbox 806 493 884 559; x_wconf 91' lang='lat' dir='ltr'><strong>dum</strong></span> <span class='ocrx_word' id='word_1_10' title='bbox 900 492 1016 559; x_wconf 78' lang='lat' dir='ltr'><strong>altiore</strong></span> <span class='ocrx_word' id='word_1_11' title='bbox 1028 492 1132 576; x_wconf 81' lang='lat' dir='ltr'><strong>petis,</strong></span> <span class='ocrx_word' id='word_1_12' title='bbox 1146 490 1327 557; x_wconf 69' lang='lat' dir='ltr'><strong>humiliore</strong></span> 
     </span>
     <span class='ocr_line' id='line_1_3' title="bbox 222 595 1328 683; baseline -0.005 -19"><span class='ocrx_word' id='word_1_13' title='bbox 222 600 291 665; x_wconf 80' lang='lat' dir='ltr'><strong>istu</strong></span> <span class='ocrx_word' id='word_1_14' title='bbox 314 599 383 663; x_wconf 90' lang='lat' dir='ltr'><strong>cito</strong></span> <span class='ocrx_word' id='word_1_15' title='bbox 409 598 603 683; x_wconf 84' lang='lat' dir='ltr'><strong>pervolasti.</strong></span> <span class='ocrx_word' id='word_1_16' title='bbox 649 596 769 681; x_wconf 84' lang='lat' dir='ltr'>Neque</span> <span class='ocrx_word' id='word_1_17' title='bbox 785 603 893 662; x_wconf 86' lang='lat' dir='ltr'><strong>tamen</strong></span> <span class='ocrx_word' id='word_1_18' title='bbox 917 617 960 661; x_wconf 85' lang='lat' dir='ltr'><strong>ea</strong></span> <span class='ocrx_word' id='word_1_19' title='bbox 982 596 1107 673; x_wconf 80' lang='lat' dir='ltr'><strong>omnin,</strong></span> <span class='ocrx_word' id='word_1_20' title='bbox 1122 595 1328 680; x_wconf 80' lang='lat' dir='ltr'><strong>qualiacum-</strong></span> 
     </span>
    </p>
   </div>
   <div class='ocr_carea' id='block_1_3' title="bbox 103 688 1329 889">
    <p class='ocr_par' dir='ltr' id='par_1_3' title="bbox 103 688 1329 889">
     <span class='ocr_line' id='line_1_4' title="bbox 103 688 1327 786; baseline -0.007 -18"><span class='ocrx_word' id='word_1_21' title='bbox 103 688 107 695; x_wconf 57' lang='grc'>’</span> <span class='ocrx_word' id='word_1_22' title='bbox 222 721 289 786; x_wconf 88' lang='lat' dir='ltr'><strong>que</strong></span> <span class='ocrx_word' id='word_1_23' title='bbox 305 703 381 779; x_wconf 89' lang='lat' dir='ltr'><strong>sint,</strong></span> <span class='ocrx_word' id='word_1_24' title='bbox 396 701 526 785; x_wconf 83' lang='lat' dir='ltr'><strong>perdita</strong></span> <span class='ocrx_word' id='word_1_25' title='bbox 540 700 641 779; x_wconf 88' lang='lat' dir='ltr'><strong>duco,</strong></span> <span class='ocrx_word' id='word_1_26' title='bbox 658 699 865 766; x_wconf 63' lang='lat' dir='ltr'><strong>nausson</strong></span> <span class='ocrx_word' id='word_1_27' title='bbox 880 699 1150 764; x_wconf 79' lang='lat' dir='ltr'><strong>Snuuurssrus.</strong></span> <span class='ocrx_word' id='word_1_28' title='bbox 1184 696 1327 761; x_wconf 86' lang='lat' dir='ltr'><strong>Eveniet</strong></span> 
     </span>
     <span class='ocr_line' id='line_1_5' title="bbox 114 799 1329 889; baseline -0.005 -19"><span class='ocrx_word' id='word_1_29' title='bbox 114 825 123 840; x_wconf 68' lang='lat'><strong><em>‘</em></strong></span> <span class='ocrx_word' id='word_1_30' title='bbox 223 812 358 889; x_wconf 90' lang='lat' dir='ltr'><strong>tempus</strong></span> <span class='ocrx_word' id='word_1_31' title='bbox 383 803 478 880; x_wconf 83' lang='lat' dir='ltr'><strong>iliud,</strong></span> <span class='ocrx_word' id='word_1_32' title='bbox 504 823 579 867; x_wconf 89' lang='lat' dir='ltr'><strong>cum</strong></span> <span class='ocrx_word' id='word_1_33' title='bbox 602 822 643 868; x_wconf 84' lang='lat' dir='ltr'><strong>ea</strong></span> <span class='ocrx_word' id='word_1_34' title='bbox 664 821 761 868; x_wconf 90' lang='lat' dir='ltr'><strong>usum</strong></span> <span class='ocrx_word' id='word_1_35' title='bbox 786 803 933 887; x_wconf 78' lang='lat' dir='ltr'>aliquem</span> <span class='ocrx_word' id='word_1_36' title='bbox 957 807 1116 885; x_wconf 71' lang='lat' dir='ltr'><strong>prestent</strong></span> <span class='ocrx_word' id='word_1_37' title='bbox 1143 800 1253 882; x_wconf 81' lang='lat' dir='ltr'><strong>Regio</strong></span> <span class='ocrx_word' id='word_1_38' title='bbox 1270 799 1329 864; x_wconf 93' lang='lat' dir='ltr'><strong>In·</strong></span> 
     </span>
    </p>
   </div>
   <div class='ocr_carea' id='block_1_4' title="bbox 222 903 1331 1712">
    <p class='ocr_par' dir='ltr' id='par_1_4' title="bbox 222 903 1331 1712">
     <span class='ocr_line' id='line_1_6' title="bbox 222 903 1329 996; baseline -0.005 -25"><span class='ocrx_word' id='word_1_39' title='bbox 222 906 318 984; x_wconf 81' lang='lat' dir='ltr'><strong>senti,</strong></span> <span class='ocrx_word' id='word_1_40' title='bbox 344 907 402 991; x_wconf 87' lang='lat' dir='ltr'><strong>qui</strong></span> <span class='ocrx_word' id='word_1_41' title='bbox 425 905 624 970; x_wconf 78' lang='lat' dir='ltr'><strong>Vrcrorun</strong></span> <span class='ocrx_word' id='word_1_42' title='bbox 650 904 774 970; x_wconf 80' lang='lat' dir='ltr'><strong>Matris</strong></span> <span class='ocrx_word' id='word_1_43' title='bbox 807 924 827 968; x_wconf 88' lang='lat' dir='ltr'><strong>e</strong></span> <span class='ocrx_word' id='word_1_44' title='bbox 853 905 977 996; x_wconf 82' lang='lat' dir='ltr'><strong>gremio</strong></span> <span class='ocrx_word' id='word_1_45' title='bbox 1006 910 1133 968; x_wconf 77' lang='lat' dir='ltr'><strong>teneras</strong></span> <span class='ocrx_word' id='word_1_46' title='bbox 1158 903 1329 987; x_wconf 80' lang='lat' dir='ltr'>porrigens</span> 
     </span>
     <span class='ocr_line' id='line_1_7' title="bbox 223 993 1331 1089; baseline -0.007 -12"><span class='ocrx_word' id='word_1_47' title='bbox 223 1029 354 1089; x_wconf 78' lang='lat' dir='ltr'><strong>manue,</strong></span> <span class='ocrx_word' id='word_1_48' title='bbox 379 1009 423 1075; x_wconf 83' lang='lat' dir='ltr'><strong>ad</strong></span> <span class='ocrx_word' id='word_1_49' title='bbox 449 1009 500 1073; x_wconf 85' lang='lat' dir='ltr'><strong>Te</strong></span> <span class='ocrx_word' id='word_1_50' title='bbox 525 993 623 1075; x_wconf 88' lang='lat' dir='ltr'><strong>dulce</strong></span> <span class='ocrx_word' id='word_1_51' title='bbox 645 1010 718 1074; x_wconf 88' lang='lat' dir='ltr'><strong>risit</strong></span> <span class='ocrx_word' id='word_1_52' title='bbox 741 1009 935 1073; x_wconf 79' lang='lat' dir='ltr'>semihiante</span> <span class='ocrx_word' id='word_1_53' title='bbox 959 1006 1104 1087; x_wconf 82' lang='lat' dir='ltr'><strong>labello;</strong></span> <span class='ocrx_word' id='word_1_54' title='bbox 1126 1005 1254 1084; x_wconf 83' lang='lat' dir='ltr'><strong>divino,</strong></span> <span class='ocrx_word' id='word_1_55' title='bbox 1282 1006 1331 1069; x_wconf 90' lang='lat' dir='ltr'><strong>in·</strong></span> 
     </span>
     <span class='ocr_line' id='line_1_8' title="bbox 222 1109 1329 1199; baseline -0.006 -21"><span class='ocrx_word' id='word_1_56' title='bbox 222 1134 334 1199; x_wconf 82' lang='lat' dir='ltr'><strong>quam,</strong></span> <span class='ocrx_word' id='word_1_57' title='bbox 357 1113 409 1177; x_wconf 89' lang='lat' dir='ltr'><strong>illi</strong></span> <span class='ocrx_word' id='word_1_58' title='bbox 424 1133 540 1196; x_wconf 89' lang='lat' dir='ltr'><strong>puero,</strong></span> <span class='ocrx_word' id='word_1_59' title='bbox 556 1133 664 1197; x_wconf 86' lang='lat' dir='ltr'><strong>quem,</strong></span> <span class='ocrx_word' id='word_1_60' title='bbox 678 1118 716 1178; x_wconf 92' lang='lat' dir='ltr'><strong>ut</strong></span> <span class='ocrx_word' id='word_1_61' title='bbox 731 1113 812 1177; x_wconf 88' lang='lat' dir='ltr'><strong>olim</strong></span> <span class='ocrx_word' id='word_1_62' title='bbox 827 1112 888 1177; x_wconf 88' lang='lat' dir='ltr'><strong>tibi</strong></span> <span class='ocrx_word' id='word_1_63' title='bbox 904 1112 1006 1176; x_wconf 88' lang='lat' dir='ltr'><strong>Musa</strong></span> <span class='ocrx_word' id='word_1_64' title='bbox 1020 1117 1133 1176; x_wconf 81' lang='lat' dir='ltr'><strong>nostra</strong></span> <span class='ocrx_word' id='word_1_65' title='bbox 1147 1109 1282 1186; x_wconf 80' lang='lat' dir='ltr'><strong>cecinit,</strong></span> <span class='ocrx_word' id='word_1_66' title='bbox 1308 1126 1329 1171; x_wconf 83' lang='lat' dir='ltr'><strong>c</strong></span> 
     </span>
     <span class='ocr_line' id='line_1_9' title="bbox 222 1210 1331 1300; baseline -0.008 -16"><span class='ocrx_word' id='word_1_67' title='bbox 222 1216 386 1284; x_wconf 71' lang='lat' dir='ltr'><strong>thesauris</strong></span> <span class='ocrx_word' id='word_1_68' title='bbox 408 1219 480 1284; x_wconf 83' lang='lat' dir='ltr'><strong>suis</strong></span> <span class='ocrx_word' id='word_1_69' title='bbox 502 1216 620 1281; x_wconf 83' lang='lat' dir='ltr'><strong>eduxit</strong></span> <span class='ocrx_word' id='word_1_70' title='bbox 635 1215 731 1280; x_wconf 86' lang='lat' dir='ltr'><strong>Deus</strong></span> <span class='ocrx_word' id='word_1_71' title='bbox 747 1213 904 1300; x_wconf 85' lang='lat' dir='ltr'><strong>Optimus</strong></span> <span class='ocrx_word' id='word_1_72' title='bbox 921 1214 1106 1292; x_wconf 83' lang='lat' dir='ltr'><strong>Maximus,</strong></span> <span class='ocrx_word' id='word_1_73' title='bbox 1120 1218 1158 1277; x_wconf 94' lang='lat' dir='ltr'><strong>ut</strong></span> <span class='ocrx_word' id='word_1_74' title='bbox 1171 1210 1331 1277; x_wconf 78' lang='lat' dir='ltr'><strong>ostendat</strong></span> 
     </span>
     <span class='ocr_line' id='line_1_10' title="bbox 222 1319 1329 1401; baseline -0.005 -18"><span class='ocrx_word' id='word_1_75' title='bbox 222 1339 259 1383; x_wconf 88' lang='lat' dir='ltr'><strong>se</strong></span> <span class='ocrx_word' id='word_1_76' title='bbox 285 1320 375 1401; x_wconf 81' lang='lat' dir='ltr'><strong>genti</strong></span> <span class='ocrx_word' id='word_1_77' title='bbox 397 1319 576 1383; x_wconf 84' lang='lat' dir='ltr'><strong>Borboniae</strong></span> <span class='ocrx_word' id='word_1_78' title='bbox 602 1337 665 1382; x_wconf 90' lang='lat' dir='ltr'><strong>nec</strong></span> <span class='ocrx_word' id='word_1_79' title='bbox 690 1323 798 1381; x_wconf 84' lang='lat' dir='ltr'><strong>metas</strong></span> <span class='ocrx_word' id='word_1_80' title='bbox 823 1337 929 1382; x_wconf 85' lang='lat' dir='ltr'><strong>rerum</strong></span> <span class='ocrx_word' id='word_1_81' title='bbox 951 1336 1013 1381; x_wconf 86' lang='lat' dir='ltr'><strong>nec</strong></span> <span class='ocrx_word' id='word_1_82' title='bbox 1028 1321 1178 1401; x_wconf 82' lang='lat' dir='ltr'><strong>temporo</strong></span> <span class='ocrx_word' id='word_1_83' title='bbox 1192 1331 1329 1400; x_wconf 87' lang='lat' dir='ltr'><strong>ponere.</strong></span> 
     </span>
     <span class='ocr_line' id='line_1_11' title="bbox 225 1419 1329 1503; baseline -0.006 -17"><span class='ocrx_word' id='word_1_84' title='bbox 225 1420 347 1486; x_wconf 83' lang='lat' dir='ltr'><strong>Omnia</strong></span> <span class='ocrx_word' id='word_1_85' title='bbox 358 1424 517 1486; x_wconf 89' lang='lat' dir='ltr'><strong>virtutum</strong></span> <span class='ocrx_word' id='word_1_86' title='bbox 532 1421 661 1485; x_wconf 85' lang='lat' dir='ltr'><strong>semina</strong></span> <span class='ocrx_word' id='word_1_87' title='bbox 673 1420 855 1485; x_wconf 89' lang='lat' dir='ltr'><strong>Borboniis</strong></span> <span class='ocrx_word' id='word_1_88' title='bbox 870 1422 1110 1503; x_wconf 80' lang='lat' dir='ltr'><strong>ingenerantur,</strong></span> <span class='ocrx_word' id='word_1_89' title='bbox 1123 1419 1329 1484; x_wconf 75' lang='lat' dir='ltr'><strong>Duorum}</strong></span> 
     </span>
     <span class='ocr_line' id='line_1_12' title="bbox 224 1509 1330 1605; baseline -0.004 -16"><span class='ocrx_word' id='word_1_90' title='bbox 224 1522 497 1602; x_wconf 75' lang='lat' dir='ltr'><strong>sunnurssum,</strong></span> <span class='ocrx_word' id='word_1_91' title='bbox 525 1509 585 1588; x_wconf 84' lang='lat' dir='ltr'><strong>sed</strong></span> <span class='ocrx_word' id='word_1_92' title='bbox 600 1544 642 1589; x_wconf 82' lang='lat' dir='ltr'><strong>ea</strong></span> <span class='ocrx_word' id='word_1_93' title='bbox 655 1525 757 1589; x_wconf 81' lang='lat' dir='ltr'><strong>rectis</strong></span> <span class='ocrx_word' id='word_1_94' title='bbox 771 1525 916 1598; x_wconf 85' lang='lat' dir='ltr'><strong>cultibus</strong></span> <span class='ocrx_word' id='word_1_95' title='bbox 931 1530 969 1587; x_wconf 90' lang='lat' dir='ltr'><strong>et</strong></span> <span class='ocrx_word' id='word_1_96' title='bbox 982 1522 1134 1605; x_wconf 81' lang='lat' dir='ltr'><strong>augenda</strong></span> <span class='ocrx_word' id='word_1_97' title='bbox 1159 1528 1193 1586; x_wconf 88' lang='lat' dir='ltr'><strong>et</strong></span> <span class='ocrx_word' id='word_1_98' title='bbox 1218 1537 1330 1586; x_wconf 89' lang='lat' dir='ltr'><strong>corro-</strong></span> 
     </span>
     <span class='ocr_line' id='line_1_13' title="bbox 222 1619 1331 1712; baseline -0.005 -22"><span class='ocrx_word' id='word_1_99' title='bbox 222 1625 387 1692; x_wconf 81' lang='lat' dir='ltr'><strong>boranda:</strong></span> <span class='ocrx_word' id='word_1_100' title='bbox 405 1646 509 1712; x_wconf 85' lang='lat' dir='ltr'><strong>quare</strong></span> <span class='ocrx_word' id='word_1_101' title='bbox 521 1625 644 1704; x_wconf 76' lang='lat' dir='ltr'><strong>Musae,</strong></span> <span class='ocrx_word' id='word_1_102' title='bbox 656 1627 850 1712; x_wconf 88' lang='lat' dir='ltr'><strong>junctaeque</strong></span> <span class='ocrx_word' id='word_1_103' title='bbox 863 1625 973 1690; x_wconf 86' lang='lat' dir='ltr'><strong>Musis</strong></span> <span class='ocrx_word' id='word_1_104' title='bbox 988 1623 1129 1703; x_wconf 72' lang='lat' dir='ltr'><strong>Gratis,</strong></span> <span class='ocrx_word' id='word_1_105' title='bbox 1145 1644 1167 1689; x_wconf 84' lang='lat' dir='ltr'><strong>e</strong></span> <span class='ocrx_word' id='word_1_106' title='bbox 1180 1623 1232 1688; x_wconf 78' lang='lat' dir='ltr'><strong>&#39;l&#39;e</strong></span> <span class='ocrx_word' id='word_1_107' title='bbox 1246 1619 1331 1688; x_wconf 87' lang='lat' dir='ltr'><strong>illud</strong></span> 
     </span>
    </p>
   </div>
   <div class='ocr_carea' id='block_1_5' title="bbox 224 1726 1464 1812">
    <p class='ocr_par' dir='ltr' id='par_1_5' title="bbox 224 1726 1464 1812">
     <span class='ocr_line' id='line_1_14' title="bbox 224 1726 1464 1812; baseline 0.002 -20"><span class='ocrx_word' id='word_1_108' title='bbox 224 1733 466 1811; x_wconf 67' lang='lat' dir='ltr'><strong>expectantur</strong></span> <span class='ocrx_word' id='word_1_109' title='bbox 480 1729 605 1795; x_wconf 85' lang='lat' dir='ltr'><strong>almum</strong></span> <span class='ocrx_word' id='word_1_110' title='bbox 624 1736 718 1796; x_wconf 88' lang='lat' dir='ltr'><strong>tuum</strong></span> <span class='ocrx_word' id='word_1_111' title='bbox 741 1728 944 1812; x_wconf 73' lang='lat' dir='ltr'><strong>Burgundios</strong></span> <span class='ocrx_word' id='word_1_112' title='bbox 962 1727 1090 1793; x_wconf 87' lang='lat' dir='ltr'><strong>Ducem</strong></span> <span class='ocrx_word' id='word_1_113' title='bbox 1110 1727 1160 1792; x_wconf 87' lang='lat' dir='ltr'><strong>eis</strong></span> <span class='ocrx_word' id='word_1_114' title='bbox 1182 1726 1331 1792; x_wconf 83' lang='lat' dir='ltr'><strong>educuu·</strong></span> <span class='ocrx_word' id='word_1_115' title='bbox 1462 1792 1464 1795; x_wconf 77' lang='grc'>,</span> 
     </span>
    </p>
   </div>
   <div class='ocr_carea' id='block_1_6' title="bbox 224 1828 1331 2121">
    <p class='ocr_par' dir='ltr' id='par_1_6' title="bbox 224 1828 1331 2121">
     <span class='ocr_line' id='line_1_15' title="bbox 225 1828 1331 1915; baseline -0.001 -22"><span class='ocrx_word' id='word_1_116' title='bbox 225 1828 306 1893; x_wconf 90' lang='lat' dir='ltr'><strong>dum</strong></span> <span class='ocrx_word' id='word_1_117' title='bbox 331 1829 481 1909; x_wconf 82' lang='lat' dir='ltr'><strong>mandes,</strong></span> <span class='ocrx_word' id='word_1_118' title='bbox 496 1831 616 1910; x_wconf 88' lang='lat' dir='ltr'><strong>donec,</strong></span> <span class='ocrx_word' id='word_1_119' title='bbox 640 1836 820 1915; x_wconf 88' lang='lat' dir='ltr'><strong>postquam</strong></span> <span class='ocrx_word' id='word_1_120' title='bbox 842 1850 954 1895; x_wconf 82' lang='lat' dir='ltr'><strong>earum</strong></span> <span class='ocrx_word' id='word_1_121' title='bbox 980 1849 1048 1915; x_wconf 89' lang='lat' dir='ltr'><strong>ope</strong></span> <span class='ocrx_word' id='word_1_122' title='bbox 1071 1829 1186 1895; x_wconf 89' lang='lat' dir='ltr'><strong>selices</strong></span> <span class='ocrx_word' id='word_1_123' title='bbox 1210 1833 1331 1895; x_wconf 77' lang='lat' dir='ltr'><strong>auctus</strong></span> 
     </span>
     <span class='ocr_line' id='line_1_16' title="bbox 226 1930 1331 2018; baseline -0.001 -21"><span class='ocrx_word' id='word_1_124' title='bbox 226 1934 364 2016; x_wconf 84' lang='lat' dir='ltr'><strong>ceperit,</strong></span> <span class='ocrx_word' id='word_1_125' title='bbox 379 1939 449 1997; x_wconf 87' lang='lat' dir='ltr'><strong>tute</strong></span> <span class='ocrx_word' id='word_1_126' title='bbox 464 1952 541 1997; x_wconf 89' lang='lat' dir='ltr'><strong>eum</strong></span> <span class='ocrx_word' id='word_1_127' title='bbox 556 1934 722 2018; x_wconf 83' lang='lat' dir='ltr'><strong>exemplis</strong></span> <span class='ocrx_word' id='word_1_128' title='bbox 735 1936 800 1999; x_wconf 89' lang='lat' dir='ltr'><strong>tuis</strong></span> <span class='ocrx_word' id='word_1_129' title='bbox 818 1936 978 2012; x_wconf 82' lang='lat' dir='ltr'><strong>instruas,</strong></span> <span class='ocrx_word' id='word_1_130' title='bbox 993 1953 1171 2018; x_wconf 83' lang='lat' dir='ltr'><strong>veramque</strong></span> <span class='ocrx_word' id='word_1_131' title='bbox 1198 1930 1331 1998; x_wconf 82' lang='lat' dir='ltr'><strong>virtutis</strong></span> 
     </span>
     <span class='ocr_line' id='line_1_17' title="bbox 224 2034 1331 2121; baseline 0.001 -22"><span class='ocrx_word' id='word_1_132' title='bbox 224 2035 314 2099; x_wconf 86' lang='lat' dir='ltr'><strong>vium</strong></span> <span class='ocrx_word' id='word_1_133' title='bbox 327 2035 484 2115; x_wconf 82' lang='lat' dir='ltr'><strong>edoceas,</strong></span> <span class='ocrx_word' id='word_1_134' title='bbox 500 2056 568 2121; x_wconf 84' lang='lat' dir='ltr'><strong>qua</strong></span> <span class='ocrx_word' id='word_1_135' title='bbox 582 2043 616 2102; x_wconf 89' lang='lat' dir='ltr'><strong>et</strong></span> <span class='ocrx_word' id='word_1_136' title='bbox 628 2035 679 2100; x_wconf 81' lang='lat' dir='ltr'><strong>Te</strong></span> <span class='ocrx_word' id='word_1_137' title='bbox 702 2041 738 2101; x_wconf 87' lang='lat' dir='ltr'><strong>et</strong></span> <span class='ocrx_word' id='word_1_138' title='bbox 753 2034 865 2101; x_wconf 83' lang='lat' dir='ltr'><strong>Avum</strong></span> <span class='ocrx_word' id='word_1_139' title='bbox 881 2055 977 2100; x_wconf 88' lang='lat' dir='ltr'><strong>suum</strong></span> <span class='ocrx_word' id='word_1_140' title='bbox 993 2035 1164 2120; x_wconf 80' lang='lat' dir='ltr'><strong>sequendo</strong></span> <span class='ocrx_word' id='word_1_141' title='bbox 1181 2036 1227 2100; x_wconf 80' lang='lat' dir='ltr'><strong>od</strong></span> <span class='ocrx_word' id='word_1_142' title='bbox 1240 2051 1331 2100; x_wconf 85' lang='lat' dir='ltr'><strong>sum·</strong></span> 
     </span>
    </p>
   </div>
   <div class='ocr_carea' id='block_1_7' title="bbox 110 2136 1332 2222">
    <p class='ocr_par' dir='ltr' id='par_1_7' title="bbox 110 2136 1332 2222">
     <span class='ocr_line' id='line_1_18' title="bbox 110 2136 1332 2222; baseline -0.002 -21"><span class='ocrx_word' id='word_1_143' title='bbox 110 2167 112 2176; x_wconf 62' lang='lat'>&gt;</span> <span class='ocrx_word' id='word_1_144' title='bbox 223 2155 317 2201; x_wconf 89' lang='lat' dir='ltr'><strong>mum</strong></span> <span class='ocrx_word' id='word_1_145' title='bbox 330 2136 446 2218; x_wconf 75' lang='lat' dir='ltr'><strong>gloriae</strong></span> <span class='ocrx_word' id='word_1_146' title='bbox 461 2138 629 2222; x_wconf 81' lang='lat' dir='ltr'><strong>festigium</strong></span> <span class='ocrx_word' id='word_1_147' title='bbox 643 2138 810 2204; x_wconf 86' lang='lat' dir='ltr'><strong>evehatur.</strong></span> <span class='ocrx_word' id='word_1_148' title='bbox 856 2138 959 2204; x_wconf 70' lang='lat' dir='ltr'><strong>Furit</strong></span> <span class='ocrx_word' id='word_1_149' title='bbox 970 2139 1078 2218; x_wconf 88' lang='lat' dir='ltr'><strong>Deus,</strong></span> <span class='ocrx_word' id='word_1_150' title='bbox 1090 2145 1127 2204; x_wconf 90' lang='lat' dir='ltr'><strong>ut</strong></span> <span class='ocrx_word' id='word_1_151' title='bbox 1139 2158 1204 2203; x_wconf 91' lang='lat' dir='ltr'><strong>non</strong></span> <span class='ocrx_word' id='word_1_152' title='bbox 1221 2137 1332 2204; x_wconf 83' lang='lat' dir='ltr'><strong>solum</strong></span> 
     </span>
    </p>
   </div>
   <div class='ocr_carea' id='block_1_8' title="bbox 223 2237 1332 2839">
    <p class='ocr_par' dir='ltr' id='par_1_8' title="bbox 223 2237 1332 2839">
     <span class='ocr_line' id='line_1_19' title="bbox 223 2237 1332 2320; baseline -0.003 -16"><span class='ocrx_word' id='word_1_153' title='bbox 223 2238 304 2305; x_wconf 81' lang='lat' dir='ltr'><strong>&#39;libi</strong></span> <span class='ocrx_word' id='word_1_154' title='bbox 317 2246 352 2305; x_wconf 90' lang='lat' dir='ltr'><strong>et</strong></span> <span class='ocrx_word' id='word_1_155' title='bbox 363 2239 593 2307; x_wconf 76' lang='lat' dir='ltr'><strong>Invictissimo</strong></span> <span class='ocrx_word' id='word_1_156' title='bbox 605 2239 683 2306; x_wconf 83' lang='lat' dir='ltr'><strong>Avo</strong></span> <span class='ocrx_word' id='word_1_157' title='bbox 698 2260 764 2306; x_wconf 89' lang='lat' dir='ltr'><strong>suo</strong></span> <span class='ocrx_word' id='word_1_158' title='bbox 779 2242 899 2306; x_wconf 89' lang='lat' dir='ltr'><strong>similis</strong></span> <span class='ocrx_word' id='word_1_159' title='bbox 915 2243 972 2320; x_wconf 89' lang='lat' dir='ltr'><strong>sit,</strong></span> <span class='ocrx_word' id='word_1_160' title='bbox 984 2242 1043 2306; x_wconf 85' lang='lat' dir='ltr'><strong>sed</strong></span> <span class='ocrx_word' id='word_1_161' title='bbox 1058 2244 1161 2307; x_wconf 83' lang='lat' dir='ltr'><strong>etiam</strong></span> <span class='ocrx_word' id='word_1_162' title='bbox 1177 2246 1212 2307; x_wconf 91' lang='lat' dir='ltr'><strong>ut</strong></span> <span class='ocrx_word' id='word_1_163' title='bbox 1222 2237 1332 2307; x_wconf 90' lang='lat' dir='ltr'><strong>Vobis</strong></span> 
     </span>
     <span class='ocr_line' id='line_1_20' title="bbox 225 2341 1331 2429; baseline 0 -22"><span class='ocrx_word' id='word_1_164' title='bbox 225 2341 368 2428; x_wconf 82' lang='lat' dir='ltr'><strong>similem</strong></span> <span class='ocrx_word' id='word_1_165' title='bbox 390 2344 580 2429; x_wconf 82' lang='lat' dir='ltr'><strong>progeniem</strong></span> <span class='ocrx_word' id='word_1_166' title='bbox 596 2343 664 2422; x_wconf 84' lang='lat' dir='ltr'><strong>det,</strong></span> <span class='ocrx_word' id='word_1_167' title='bbox 689 2344 750 2423; x_wconf 84' lang='lat' dir='ltr'><strong>itu,</strong></span> <span class='ocrx_word' id='word_1_168' title='bbox 773 2342 852 2408; x_wconf 85' lang='lat' dir='ltr'><strong>dum</strong></span> <span class='ocrx_word' id='word_1_169' title='bbox 873 2344 1012 2428; x_wconf 72' lang='lat' dir='ltr'><strong>relique</strong></span> <span class='ocrx_word' id='word_1_170' title='bbox 1038 2363 1150 2409; x_wconf 90' lang='lat' dir='ltr'><strong>omues</strong></span> <span class='ocrx_word' id='word_1_171' title='bbox 1166 2342 1331 2410; x_wconf 76' lang='lat' dir='ltr'><strong>Nationes</strong></span> 
     </span>
     <span class='ocr_line' id='line_1_21' title="bbox 223 2447 1330 2533; baseline 0.002 -21"><span class='ocrx_word' id='word_1_172' title='bbox 223 2447 395 2513; x_wconf 84' lang='lat' dir='ltr'><strong>hominum</strong></span> <span class='ocrx_word' id='word_1_173' title='bbox 416 2449 581 2533; x_wconf 80' lang='lat' dir='ltr'><strong>imperate</strong></span> <span class='ocrx_word' id='word_1_174' title='bbox 603 2448 715 2514; x_wconf 76' lang='lat' dir='ltr'><strong>secere</strong></span> <span class='ocrx_word' id='word_1_175' title='bbox 739 2448 951 2533; x_wconf 76' lang='lat' dir='ltr'><strong>videbuntur,</strong></span> <span class='ocrx_word' id='word_1_176' title='bbox 976 2449 1040 2513; x_wconf 90' lang='lat' dir='ltr'><strong>soli</strong></span> <span class='ocrx_word' id='word_1_177' title='bbox 1054 2447 1244 2515; x_wconf 81' lang='lat' dir='ltr'><strong>Galliarum</strong></span> <span class='ocrx_word' id='word_1_178' title='bbox 1269 2466 1330 2531; x_wconf 86' lang='lat' dir='ltr'><strong>po·</strong></span> 
     </span>
     <span class='ocr_line' id='line_1_22' title="bbox 224 2548 1330 2638; baseline -0.003 -23"><span class='ocrx_word' id='word_1_179' title='bbox 224 2550 307 2635; x_wconf 86' lang='lat' dir='ltr'><strong>puli,</strong></span> <span class='ocrx_word' id='word_1_180' title='bbox 333 2569 371 2614; x_wconf 90' lang='lat' dir='ltr'><strong>se</strong></span> <span class='ocrx_word' id='word_1_181' title='bbox 395 2569 462 2616; x_wconf 94' lang='lat' dir='ltr'><strong>non</strong></span> <span class='ocrx_word' id='word_1_182' title='bbox 487 2551 679 2618; x_wconf 87' lang='lat' dir='ltr'><strong>hominibus</strong></span> <span class='ocrx_word' id='word_1_183' title='bbox 715 2572 844 2638; x_wconf 82' lang='lat' dir='ltr'><strong>parere,</strong></span> <span class='ocrx_word' id='word_1_184' title='bbox 882 2551 942 2617; x_wconf 87' lang='lat' dir='ltr'><strong>sed</strong></span> <span class='ocrx_word' id='word_1_185' title='bbox 966 2552 1054 2617; x_wconf 87' lang='lat' dir='ltr'><strong>veris</strong></span> <span class='ocrx_word' id='word_1_186' title='bbox 1079 2549 1244 2635; x_wconf 83' lang='lat' dir='ltr'><strong>Regibus,</strong></span> <span class='ocrx_word' id='word_1_187' title='bbox 1271 2548 1330 2633; x_wconf 90' lang='lat' dir='ltr'><strong>qui</strong></span> 
     </span>
     <span class='ocr_line' id='line_1_23' title="bbox 225 2644 1331 2741; baseline -0.003 -22"><span class='ocrx_word' id='word_1_188' title='bbox 225 2644 336 2719; x_wconf 85' lang='lat' dir='ltr'><strong>Deum</strong></span> <span class='ocrx_word' id='word_1_189' title='bbox 349 2654 386 2718; x_wconf 92' lang='lat' dir='ltr'><strong>in</strong></span> <span class='ocrx_word' id='word_1_190' title='bbox 399 2653 496 2719; x_wconf 89' lang='lat' dir='ltr'><strong>terris</strong></span> <span class='ocrx_word' id='word_1_191' title='bbox 510 2653 688 2735; x_wconf 90' lang='lat' dir='ltr'><strong>imitentur,</strong></span> <span class='ocrx_word' id='word_1_192' title='bbox 703 2657 932 2741; x_wconf 81' lang='lat' dir='ltr'><strong>obtemperare</strong></span> <span class='ocrx_word' id='word_1_193' title='bbox 954 2660 990 2720; x_wconf 91' lang='lat' dir='ltr'><strong>et</strong></span> <span class='ocrx_word' id='word_1_194' title='bbox 1003 2654 1193 2721; x_wconf 74' lang='lat' dir='ltr'><strong>fatebuntur</strong></span> <span class='ocrx_word' id='word_1_195' title='bbox 1207 2662 1241 2723; x_wconf 91' lang='lat' dir='ltr'><strong>et</strong></span> <span class='ocrx_word' id='word_1_196' title='bbox 1255 2671 1331 2718; x_wconf 88' lang='lat' dir='ltr'><strong>sen·</strong></span> 
     </span>
     <span class='ocr_line' id='line_1_24' title="bbox 223 2755 1124 2839; baseline 0 -16"><span class='ocrx_word' id='word_1_197' title='bbox 223 2757 316 2823; x_wconf 83' lang='lat' dir='ltr'><strong>tient.</strong></span> <span class='ocrx_word' id='word_1_198' title='bbox 360 2755 459 2836; x_wconf 79' lang='lat' dir='ltr'><strong>Vale,</strong></span> <span class='ocrx_word' id='word_1_199' title='bbox 474 2756 680 2823; x_wconf 83' lang='lat' dir='ltr'><strong>Dnnrurun</strong></span> <span class='ocrx_word' id='word_1_200' title='bbox 696 2758 970 2839; x_wconf 79' lang='lat' dir='ltr'><strong>Snnsurssrur,</strong></span> <span class='ocrx_word' id='word_1_201' title='bbox 985 2764 1024 2828; x_wconf 82' lang='lat' dir='ltr'><strong>et</strong></span> <span class='ocrx_word' id='word_1_202' title='bbox 1035 2758 1124 2824; x_wconf 84' lang='lat' dir='ltr'><strong>rire.</strong></span> 
     </span>
    </p>
   </div>
   <div class='ocr_carea' id='block_1_9' title="bbox 289 2907 654 3044">
    <p class='ocr_par' dir='ltr' id='par_1_9' title="bbox 289 2907 654 3044">
     <span class='ocr_line' id='line_1_25' title="bbox 289 2907 654 2961; baseline 0.003 -1"><span class='ocrx_word' id='word_1_203' title='bbox 289 2908 394 2960; x_wconf 68' lang='lat' dir='ltr'><strong>meta</strong></span> <span class='ocrx_word' id='word_1_204' title='bbox 406 2907 552 2961; x_wconf 70' lang='lat' dir='ltr'><strong>Parisiorum</strong></span> <span class='ocrx_word' id='word_1_205' title='bbox 569 2908 654 2960; x_wconf 67' lang='lat' dir='ltr'><strong>lues·</strong></span> 
     </span>
     <span class='ocr_line' id='line_1_26' title="bbox 354 2988 575 3044; baseline 0 -1"><span class='ocrx_word' id='word_1_206' title='bbox 354 2988 480 3043; x_wconf 64' lang='lat' dir='ltr'><strong>nemu.</strong></span> <span class='ocrx_word' id='word_1_207' title='bbox 497 2993 575 3044; x_wconf 71' lang='lat'>1⁶02.</span> 
     </span>
    </p>
   </div>
   <div class='ocr_carea' id='block_1_10' title="bbox 0 0 1506 4875">
    <p class='ocr_par' dir='ltr' id='par_1_10' title="bbox 0 0 1506 4875">
     <span class='ocr_line' id='line_1_27' title="bbox 0 0 1506 4875; baseline 0 0"><span class='ocrx_word' id='word_1_208' title='bbox 0 0 1506 4875; x_wconf 95' lang='lat' dir='ltr'><strong> </strong></span> 
     </span>
    </p>
   </div>
  </div>
 </body>
</html>
