2992 4875
255 399 321 467 6⁴2
505 413 700 465 nnosusus
721 412 892 464 conrouu
918 411 1098 464 nurnorrr

387 882 392 891 ,
441 793 733 887 RECENSUS,
751 792 1012 872 CODICUM
1041 789 1161 870 MSS·

658 996 690 1062 E
700 995 735 1061 U
745 996 778 1061 Τ
787 994 861 1063 Ro
872 996 902 1062 Ρ
912 992 930 1061 Ι
941 994 959 1061 Ι

335 1217 401 1272 nul
416 1215 458 1271 m
475 1217 736 1272 nlauornecrs
753 1216 990 1272 annumeret
1007 1214 1273 1271 AESERVANWR.

297 1699 525 1782 Eurnorruu
545 1711 718 1778 curiosius·
734 1708 943 1795 perlectnris‚
966 1713 1004 1774 nt
1028 1707 1135 1775 critici
1156 1708 1276 1788 solent,
1294 1727 1364 1787 oo,

251 1816 356 1898 dices,
384 1816 444 1903 qni
471 1820 663 1901 sequnntur,
688 1812 883 1893 Britannici,
903 1816 1020 1878 notatu
1032 1811 1124 1897 digni
1145 1804 1349 1878 fortassee*

253 1918 402 1984 deantur.
1053 1954 1056 1957 -

542 2073 666 2143 Codices
685 2072 719 2138 t‘n
734 2073 845 2140 Marseo
865 2073 1062 2141 Britannico.

176 2164 182 2176 x
298 2212 440 2280 Bibliotlt
457 2210 537 2300 Reg.
559 2213 651 2279 1513
675 2228 756 2278 xvr.
780 2211 888 2277 codex
903 2213 960 2297 qui
975 2212 1134 2291 continet,
1155 2213 1188 2278 1.
1202 2211 1351 2298 Eutropii

252 2317 415 2384 Romanae
432 2315 598 2382 Historiae
622 2312 712 2398 Epit.
734 2314 793 2379 lib.
809 2329 850 2380 X.
894 2314 927 2380 2.
950 2313 1048 2380 Pauli
1073 2315 1221 2381 Diaconi
1246 2315 1351 2382 conti·

249 2419 418 2494 nuationis
432 2416 580 2504 ejusdem
594 2415 699 2481 libros
714 2432 767 2482 vr.
809 2414 843 2482 3.
859 2414 1011 2483 Victoris
1030 2416 1205 2484 Uticensis
1227 2418 1287 2485 lib.
1309 2417 1349 2484 de

125 2589 130 2597 ,
250 2521 440 2587 Vandalica
456 2519 705 2585 Persecutione.
741 2517 860 2584 Codex
883 2523 1053 2605 antiquus,
1070 2522 1252 2588 membran.
1269 2540 1347 2588 seeo.

252 2642 292 2691 X.
307 2613 362 2691 vel
377 2641 434 2690 xr.
494 2622 609 2689 Habet
631 2622 787 2709 quaedam
802 2621 985 2708 Eutropius
1000 2624 1183 2709 interjecta,
1198 2625 1351 2690 raomosa

250 2726 406 2793 Historia
418 2725 498 2793 lani
513 2733 550 2790 at
564 2725 698 2791 Saturni
712 2724 933 2810 praecedento.
966 2726 1122 2792 Historia
1135 2724 1292 2812 Eutropii
1302 2728 1350 2792 sie

248 2828 386 2913 incipit:
409 2826 624 2893 ‘Romanum
647 2826 747 2910 igitur
767 2826 955 2910 imperinm,
980 2848 1048 2912 quo
1070 2846 1177 2912 neque
1193 2828 1238 2892 ab
1255 2849 1349 2894 exor-

249 2931 307 2997 dio
319 2931 425 2995 ullum
440 2930 507 2995 sere
521 2931 646 3008 miuus,
671 2947 780 3012 neque
794 2927 994 2995 incremento
1009 2936 1079 2995 toto
1097 2931 1176 2995 orbe
1192 2930 1349 3016 amplius,

248 3034 392 3098 humane
417 3036 527 3116 potest
550 3031 710 3096 memorie
733 3029 915 3109 recordari,
953 3051 976 3096 a
998 3030 1144 3096 Romulo
1171 3032 1348 3098 exordium

247 3134 364 3211 habet,
390 3134 447 3218 qui
461 3134 567 3198 Rheae
587 3132 704 3198 Siluiae
726 3131 876 3198 Vestalis
890 3131 1050 3218 Virginis,
1064 3135 1103 3198 ut
1123 3136 1346 3218 premissum,

248 3235 354 3313 filius,
373 3241 418 3313 et,
444 3242 605 3320 quantum
619 3240 756 3318 putatus
771 3243 836 3313 est,
859 3234 991 3315 Martis,
1019 3257 1095 3301 enm
1118 3235 1230 3302 Remo
1252 3237 1348 3304 fratre

247 3357 314 3404 uuo
329 3343 426 3424 partu
450 3337 560 3402 editus
578 3336 650 3402 est?
694 3337 873 3404 Mutilat'us
895 3345 948 3405 est
971 3339 1080 3404 codex
1099 3340 1163 3404 sub
1186 3339 1265 3420 fine,
1288 3339 1347 3406 sed

247 3440 362 3526 quoad
377 3438 573 3524 Eutropium
587 3440 724 3522 integer,
740 3446 967 3526 exaratusqne
977 3441 1096 3507 nitide.

291 3543 334 3608 13
356 3542 384 3608 C
408 3561 459 3608 ιν.
483 3541 640 3627 Eutropii
656 3542 750 3608 Hist.
763 3540 864 3607 Rom.
879 3541 956 3608 Lib.
974 3559 1013 3607 x.
1034 3548 1070 3607 et
1085 3542 1184 3608 Pauli
1201 3543 1345 3610 Diaconi

246 3644 502 3709 continuationis
513 3643 666 3728 'ejusdem
689 3643 764 3708 Lib.
781 3659 832 3710 vr.
856 3664 933 3709 eum
954 3646 1067 3710 multis
1089 3645 1166 3710 aliis
1189 3647 1346 3712 continet.

247 3745 332 3811 Cod.
348 3746 487 3811 illumin.
503 3751 536 3809 et
547 3747 713 3830 eleganter
728 3754 899 3811 exaratus.
922 3748 1011 3812 Saec.
1028 3763 1091 3811 xv.

288 3849 331 3912 15
353 3847 381 3913 C
405 3866 454 3912 vr.
477 3867 551 3912 cum
574 3849 647 3913 aliis
668 3848 883 3931 amplectitur
902 3847 982 3933 (art.
996 3846 1045 3932 2.)
1066 3848 1221 3933 Eutropii
1242 3848 1342 3915 Rom.

246 3949 338 4016 Hist.
355 3950 444 4015 nib.
470 3968 509 4014 x.
539 3955 573 4014 et
598 3949 697 4015 Pauli
724 3949 869 4014 Diaconi
893 3950 1155 4015 continuationis
1191 3948 1269 4017 Lib.
1290 3967 1341 4016 vr.

246 4051 430 4117 Membran.
447 4072 529 4118 seeo.
546 4068 618 4119 xri.

290 4151 442 4220 Bibliotl.
459 4152 555 4219 Harl.
578 4154 625 4220 N.
640 4156 717 4222 654.
740 4155 861 4244 Codex
887 4154 1076 4222 Membran.
1100 4157 1136 4221 in
1154 4157 1227 4221 rto.
1250 4155 1339 4223 circa

173 4295 177 4302 -
244 4272 326 4321 saec.
340 4271 421 4321 xrv.
442 4259 628 4341 continens,
663 4261 695 4341 l.
717 4257 993 4347 EutropiiHist.
1016 4257 1263 4329 Rom.1ib.x.
1307 4260 1337 4325 2.
