2992 4875
230 230 274 322 62
448 273 453 282 „
654 243 701 306 oa
726 242 914 296 uurnorro

232 391 447 476 Ciaeoouhrs²
474 397 585 458 tamen
614 392 648 457 in
671 392 751 456 vitis
771 389 999 457 Romanorum
1021 386 1227 458 Pontificum
1257 404 1337 454 eom

231 499 346 564 tn'buit
374 497 496 563 Paullo
523 497 575 561 vel
604 497 717 581 potius
743 495 870 561 Joanni
889 495 1057 574 Diacouo,
1076 493 1137 578 qui
1160 489 1337 558 Anastasii

117 657 122 667 .
231 602 450 690 temporibus,
466 621 552 666 auno
565 602 696 666 circiter
711 601 787 667 875.
800 599 954 665 ecclesiae
970 598 1147 676 Romanae,
1157 597 1338 662 Diaconus

232 702 305 783 fuit,
322 710 356 769 et
367 705 401 767 S.
415 704 568 787 Gregorii
582 702 697 786 Magni
711 704 814 767 vitam
824 703 921 767 libris
938 713 984 768 ιν.
1002 701 1210 784 conscripsit.
1235 696 1337 778 Quod

232 807 297 870 etsi
318 827 435 870 verum
450 826 525 871 esse
539 811 659 890 potest,
674 811 911 872 verumtamen
928 825 1003 872 esse
1018 804 1147 868 idoneis
1162 821 1341 885 argaman

232 911 275 974 tis
301 911 434 973 minime
469 913 613 974 constat.
657 908 775 974 Eidem
805 911 904 974 etiam
932 909 1056 974 Joanni
1086 908 1252 984 Diacono,
1282 904 1340 988 vel

234 1010 431 1095 Landulpho
447 1012 571 1095 Sagaci
593 1012 766 1095 adjudicat
787 1012 977 1092 Labbeus3⁸
998 1012 1134 1096 abipso
1149 1009 1347 1088 Anastasio,

234 1113 488 1182 bibliothecario
516 1115 699 1199 profectam
724 1121 821 1199 putat
847 1115 902 1180 Du
933 1114 1024 1182 Pin.l
1078 1114 1134 1180 Ex
1161 1112 1340 1179 Muratorii

233 1218 396 1281 sententia
423 1216 543 1280 dubius
568 1218 646 1282 latet
669 1225 702 1282 et
724 1220 856 1301 ignotus
874 1225 1001 1298 auctor,
1015 1226 1115 1303 atque
1137 1218 1200 1284 hoc
1223 1217 1340 1282 solum

234 1319 387 1384 affirmari
404 1327 523 1405 potest,
540 1329 617 1404 post
631 1319 801 1387 anastasii
817 1329 967 1408 tempora
981 1343 1055 1388 eam
1069 1323 1240 1387 historiam
1256 1338 1341 1386 con·

234 1433 310 1512 gest
311 1444 364 1488 am
384 1444 469 1489 esse.
515 1423 684 1509 Quicquid
713 1432 775 1504 est,
802 1433 1025 1512 praeterquam
1053 1426 1143 1512 quod
1171 1425 1340 1490 variorum

234 1535 409 1592 auctorum
437 1529 649 1593 narrationes
675 1530 739 1594 sub
763 1551 862 1598 unum
890 1536 924 1595 et
949 1531 1141 1596 continuum
1162 1534 1340 1613 aspectum

234 1634 342 1714 ponit,
356 1629 479 1694 utiliter
493 1633 595 1696 etiam
611 1639 725 1716 potest
738 1634 781 1698 ad
803 1634 916 1720 ipsum
932 1642 1060 1698 textum
1076 1632 1229 1717 Eutropii
1244 1630 1341 1697 adhi-

235 1734 316 1814 beri,
332 1735 468 1825 ejusque
482 1735 643 1800 lectiones
659 1736 818 1820 adjuvare
836 1749 871 1803 et
885 1737 1090 1804 confirmare.
1135 1736 1249 1815 Quare
1263 1735 1342 1800 dili-

235 1838 364 1919 geutius
394 1858 468 1903 eam
489 1839 728 1916 consulendam
752 1842 868 1922 putavi
889 1841 923 1904 in
937 1841 1177 1924 posterioribus
1192 1839 1343 1903 maxime

234 1941 340 2018 libris,
355 1942 411 2026 qui
434 1962 480 2006 ex
499 1943 705 2020 auctoribus,
721 1944 786 2007 ¹vel
807 1963 875 2010 nou
890 1945 975 2009 satis
989 1942 1097 2009 adhuc
1111 1944 1268 2018 excultis,
1285 1941 1342 2007 vel

236 2046 338 2138 otiam
353 2046 471 2128 ignotis
487 2047 577 2112 ducti
595 2055 682 2123 sunt,
695 2052 729 2111 et
744 2048 779 2114 in
793 2049 894 2113 rebus
910 2048 1024 2114 dubiis
1033 2047 1092 2111 ¹vel
1105 2047 1264 2112 obscuris
1269 2064 1342 2111 rer·

235 2154 358 2214 santur.
404 2149 567 2228 Prostant·
589 2157 701 2214 autern
730 2150 842 2234 plures
870 2151 941 2234 ejus
969 2150 1143 2226 editiones,
1169 2165 1256 2233 quas
1284 2147 1346 2214 hic'

236 2251 444 2336 subjungam.
491 2251 633 2316 Parisiis
647 2251 742 2316 1631.
755 2251 788 2316 8.
827 2252 934 2318 Basil.
949 2253 1047 2319 1669.
1059 2253 1091 2317 8.
1102 2272 1182 2317 cura
1193 2252 1342 2332 Pithoei3

236 2354 436 2437 ingolstadii
451 2354 548 2420 moa.
566 2357 598 2421 8.
621 2374 702 2419 cura
717 2354 822 2419 Hear.
837 2353 977 2433 Cauisii,
993 2356 1052 2442 qui
1071 2363 1107 2421 et
1116 2356 1227 2420 varias
1243 2355 1344 2421 lecti-

237 2456 321 2527 ones
344 2459 483 2525 addidit.
542 2459 691 2543 Repetiit
727 2480 801 2524 eam
839 2461 1054 2526 bibliothecac
1086 2454 1217 2545 patruis
1247 2478 1342 2526 max.

237 2560 450 2644 Lugduueus
475 2582 561 2627 anuo
588 2562 685 2627 1677.
728 2560 902 2626 Cauisium
925 2564 1059 2647 excepit
1079 2562 1255 2640 Gruterus,
1281 2562 1344 2647 qui

237 2664 399 2731 historiaed
415 2664 579 2749 Augustae
603 2668 821 2750 scriptoribus
837 2667 964 2732 Latinis
986 2667 1170 2734 minorihus
1190 2665 1343 2744 inseruit,

238 2766 406 2833 Hanoviae
424 2770 521 2836 1605.
537 2770 594 2836 tol.
641 2768 790 2836 Contulit
803 2792 877 2836 eam
891 2792 913 2837 a
927 2773 1037 2854 capite
1058 2771 1101 2836 ad
1125 2772 1252 2835 calcem
1267 2772 1345 2835 cum

238 2872 437 2936 membranis
458 2871 634 2952 Palatinis
658 2874 807 2941 adhibito
827 2877 926 2941 simul
948 2874 1153 2961 Tbeophane
1167 2873 1291 2967 Graeco
1310 2878 1346 2937 et

737 3046 846 3097 NOTAE

269 3160 280 3185 ²
304 3154 348 3203 Ita
372 3161 446 3204 notat
470 3156 627 3207 Muratoriur
645 3158 670 3207 in
695 3160 769 3224 praef.
812 3163 870 3212 Nec
884 3168 971 3211 tamen
984 3161 1062 3211 fidem
1075 3168 1102 3211 et
1114 3157 1273 3225 diligentiam
1286 3157 1345 3207 Ma·

237 3228 504 3282 adhirt.iniocellam.
540 3234 669 3300 Equidem
689 3239 770 3301 ipsum
812 3237 901 3286 raterii
913 3238 1046 3301 impugno.
1073 3235 1195 3300 Gregorii
1207 3235 1287 3283 vitam
1300 3232 1346 3283 tri·

238 3309 323 3359 locum
336 3311 361 3358 in
373 3311 459 3375 amplo
479 3312 523 3361 illo
541 3327 622 3377 opera
634 3315 771 3380 exquirere
812 3313 867 3362 buit
880 3314 971 3362 Paullo
983 3313 1079 3375 eidem,
1098 3314 1141 3377 qui
1161 3311 1347 3376 Langobardo-

238 3401 289 3435 ιιοιι
313 3387 394 3450 potui.
434 3389 587 3439 Ciaccouius
610 3391 686 3441 Tum.
708 3406 725 3440 ι.
746 3407 771 3455 p.
813 3404 868 3437 rum
891 3390 1025 3440 historiam
1048 3391 1162 3454 scripsit,
1192 3390 1345 3453 Sigebertrre

238 3466 294 3511 661.
313 3471 412 3512 tanturn
436 3473 520 3523 notar,
542 3472 610 3516 teste
633 3466 771 3517 Anastasio
812 3466 1009 3516 Gemblaeensis
1020 3468 1053 3515 de
1066 3468 1202 3530 scriptorr.
1214 3468 1308 3517 eccles.
1320 3483 1345 3519 e.

239 3540 447 3603 bibliothecario,
467 3544 553 3606 plures
577 3560 636 3595 eum
656 3545 771 3595 uuron'a-
812 3546 851 3593 66.
885 3544 1265 3595 DeJolrauuevid.Cavinsin
1285 3544 1346 3595 hist.

239 3632 295 3667 rum
307 3619 518 3671 libroseGrreco
536 3622 561 3671 in
578 3623 699 3673 Latinum
712 3638 771 3672 con·
811 3620 880 3672 liter.
891 3622 1028 3685 scriptore
1040 3621 1136 3671 eccles.
1147 3620 1207 3670 Vol
1219 3632 1251 3669 ιι.
1270 3635 1295 3685 p
1304 3624 1346 3671 61

237 3695 354 3745 vertiam
388 3696 518 3747 Oldoinus
537 3699 602 3748 ibi'
596 3714 622 3748 ιιι
641 3700 712 3748 novis
728 3699 771 3748 ad·
812 3698 912 3763 (Oxou
924 3698 1010 3764 1766.)

238 3770 416 3837 ditionibusp.
428 3778 485 3824 666.
503 3776 607 3826 brevem
625 3776 771 3838 ejusvitnm
845 3776 912 3825 ¹De
935 3778 1069 3842 scriptorr.
1097 3775 1190 3825 eccles.
1217 3768 1291 3826 Tom.
1315 3789 1347 3831 ιι

238 3848 355 3907 exbibet,
381 3851 533 3911 (monachus
554 3850 604 3900 fuit
626 3852 771 3901 Carrinensis
814 3868 838 3916 p.
851 3857 907 3902 172.

237 3933 266 3975 et
277 3924 407 3977 Anastasu
417 3928 606 3978 bibliothecarii
618 3928 772 3992 familiaris)
845 3928 857 3962 δ
881 3931 1008 3980 Nouvelle
1029 3930 1091 3980 bibl.
1111 3929 1157 3978 des
1177 3936 1285 3981 auteurs
1306 3944 1347 3982 et·

239 4010 267 4054 et
285 4004 379 4054 librum
400 4006 433 4055 de
451 4007 477 4056 S.
489 4006 617 4069 Gregorio
638 4007 677 4055 M.
698 4006 774 4071 Papa
814 4006 1078 4072 cltsiastiquer'lom.
1089 4021 1128 4057 vr.
1142 4023 1167 4072 p.
1180 4010 1237 4059 114.

239 4091 434 4134 commemorat.
467 4083 519 4133 Sed
537 4083 570 4133 de
591 4085 697 4134 historia
714 4085 771 4135 mis·
845 4086 946 4134 t'lom
958 4097 1021 4134 xrrr.
1038 4100 1065 4149 p.
1075 4089 1133 4136 261.
1144 4100 1203 4151 sqq.

240 4159 317 4224 cella,
328 4174 360 4212 eo
371 4166 486 4226 auctore,
502 4175 534 4210 oe
545 4161 650 4212 verbum
661 4162 774 4228 quidem.
845 4160 858 4194 θ
876 4160 906 4210 P.
917 4164 1059 4228 ⁷⁷1.rqq.j
