2992 4875
229 335 273 414 18
576 423 579 430 .
651 353 701 402 nn
725 353 913 403 nurnomo

227 493 320 566 tas'se
331 496 470 578 videar,
484 497 515 564 si
531 497 682 580 vestigiis
702 497 861 564 inhaerere
882 496 998 575 liceat,
1016 512 1095 578 quse
1109 499 1234 579 supra*n
1248 490 1335 564 iudi·

228 601 317 670 cavi.
386 600 604 687 Conjungitur
629 601 717 666 enim
751 600 785 664 in
806 599 922 665 cadem
949 616 1097 664 caussa
1117 592 1336 680 Geographo'n

228 701 425 776 Rauennate
447 724 523 770 cum
544 704 774 787 scriptoribus,
795 705 852 787 qui
872 704 965 768 circa
982 701 1071 768 idem
1091 706 1222 783 tempus
1239 700 1335 766 vixo-

228 812 315 872 runt.
375 807 549 876 Medicum
580 812 693 874 autem
721 806 864 873 eundem
891 826 979 883 esso,
1009 823 1110 889 quem
1138 801 1338 872 Marcellus

228 908 264 974 in
289 909 486 995 prestatione
510 911 552 976 de
574 910 827 976 medicamentis
853 908 1024 992 empiricis
1050 912 1221 985 memorat,
1244 904 1338 972 nulla

227 1011 348 1080 idonea
366 1017 493 1084 ratione
514 1017 623 1082 evinci
646 1020 769 1099 potest,
791 1015 855 1080 etsi
882 1011 1063 1079 Carnarius
1087 1011 1122 1075 in
1142 1007 1339 1093 praefatione

228 1103 365 1182 minime
379 1117 608 1201 refragandum
624 1124 737 1201 putat,
754 1122 929 1193 annuente,
945 1123 1035 1180 certa
1049 1132 1116 1178 non
1130 1110 1337 1189 adversante,

228 1218 383 1286 vossiou
437 1220 558 1306 Neque
593 1226 705 1288 tamen
728 1221 784 1285 vel
811 1221 873 1300 sic,
899 1221 928 1284 si
954 1219 1046 1286 idem
1066 1217 1133 1282 suit
1154 1215 1338 1303 Eutropius

226 1329 347 1403 noster,
358 1341 400 1390 ca
413 1325 526 1408 opinio
540 1324 643 1390 astrui
655 1323 730 1390 inda
743 1317 866 1408 potest,

680 1527 787 1594 CAP·
820 1525 886 1594 VI.

447 1699 495 1748 DE
523 1698 702 1748 sumansu
725 1696 910 1746 Hlsroala
936 1696 1111 1745 ROMANA·
1176 1689 1179 1692 ’

275 1818 409 1885 Ranno
426 1818 469 1884 ad
493 1818 567 1903 ejus
580 1817 782 1883 breviarium
795 1817 944 1884 historiae
961 1816 1137 1895 Romanae,
1154 1814 1252 1902 cujus
1271 1816 1339 1881 vir·

229 1927 320 2016 tutos
337 1928 370 1988 et
392 1921 476 1986 vitia
498 1922 589 1986 varie
614 1922 759 2005 spectari
785 1926 938 2005 possunt.
982 1920 1099 1988 Prima
1125 1921 1158 1985 in
1178 1919 1338 1985 historico

229 2027 336 2092 virtus
350 2029 438 2090 recte
453 2023 636 2089 celebratur
650 2029 684 2088 et
697 2024 860 2108 probatur
876 2024 1028 2090 veritatis
1044 2023 1202 2089 studium.
1233 2019 1338 2100 Quod

230 2128 261 2191 si
275 2128 310 2191 in
324 2145 366 2194 ea
378 2131 485 2210 parte,
512 2126 571 2190 ubi
590 2127 806 2199 remotiorum
832 2130 892 2190 aut
917 2128 1129 2211 superiorum
1153 2132 1338 2210 temporum

228 2230 403 2312 historiam
421 2229 583 2307 contexit,
607 2248 649 2293 ex
673 2228 823 2293 fontibus
839 2227 1018 2313 judicetur,
1040 2248 1129 2314 quos
1154 2228 1248 2305 adiit,
1268 2244 1337 2290 non

228 2337 349 2396 temere
363 2332 407 2396 ad
422 2332 632 2397 scribendum
646 2338 760 2396 noster
780 2332 934 2409 accessit,
948 2350 1022 2409 nec,
1035 2353 1121 2417 quos
1136 2335 1273 2416 paratos
1286 2329 1339 2392 iu·

229 2435 333 2515 uenit,
349 2442 469 2500 temere
493 2440 526 2501 et
553 2437 624 2501 sine
644 2433 775 2501 delectu
800 2434 962 2501 adhibuit.
1008 2434 1128 2503 Plures
1149 2435 1233 2501 enim
1258 2451 1339 2501 eum

230 2539 441 2623 explorasse,
456 2541 506 2604 uti
520 2539 655 2605 omnino
671 2558 717 2603 ex
737 2538 962 2623 langaratum
977 2547 1232 2625 temporumque
1247 2536 1338 2602 serie

228 2641 372 2727 intelligi
386 2647 513 2728 potest,
534 2645 586 2708 ita
603 2644 704 2708 etlam
729 2663 774 2708 ex
798 2644 889 2728 ipso·
912 2642 1062 2721 discitur,
1078 2664 1153 2709 cum
1167 2642 1337 2705 variorum

228 2743 380 2811 diversas
394 2749 598 2812 narrationes
613 2748 649 2811 in
664 2748 812 2813 medium
828 2736 957 2813 afferat.
996 2747 1204 2813 Nominatim
1219 2763 1265 2808 ex
1276 2762 1338 2809 an·

227 2847 428 2934 tiqnissimis
443 2849 573 2915 indicat
594 2848 753 2916 Fabiumb
779 2850 958 2917 Pictorem.
1004 2851 1059 2916 De
1082 2850 1168 2928 aliis,
1194 2866 1339 2932 quorum

229 2951 366 3016 nomina
389 2956 587 3038 suppressit,
615 2954 772 3039 judicare
801 2954 883 3020 licet
905 2954 999 3020 sacta
1025 2973 1136 3019 rerum
1160 2952 1338 3036 ipsiusque

229 3055 431 3119 narrationis
446 3059 708 3140 comparatione.
747 3058 839 3122 Hinc
857 3065 1010 3143 apparet,
1025 3059 1185 3123 incorum
1200 3073 1338 3119 numero

229 3157 310 3243 poni
325 3177 428 3241 posse
442 3157 587 3237 livium,
603 3160 800 3225 Sallustium
811 3162 847 3224 in
861 3159 1035 3245 deperdita
1051 3159 1200 3236 historia,
1215 3157 1339 3222 Sueto·

229 3260 332 3339 nium,
354 3260 503 3327 historiae
529 3260 691 3346 Augustae
717 3264 914 3348 scriptores,
942 3283 1084 3348 quorum
1111 3263 1213 3326 etiam
1234 3261 1340 3326 verba

230 3380 325 3447 soepc
336 3363 455 3442 reddit,
470 3366 526 3430 vel
546 3386 671 3432 errores
687 3376 863 3452 propagat,
878 3370 929 3433 uti
942 3367 978 3432 in
998 3367 1103 3431 notisc
1123 3366 1250 3449 passim
1265 3382 1339 3429 mo-

228 3466 298 3530 nul.
344 3466 399 3531 De
414 3466 514 3532 livio
533 3469 736 3535 luculentum
758 3478 852 3535 extat
872 3471 1103 3534 testimonium·
1117 3462 1260 3543 Snldaa,⁴
1275 3465 1338 3550 qui

230 3567 318 3634 adeo
334 3570 470 3636 scribit:
488 3570 640 3659 Er'rrpo'mog
652 3576 666 3636 ὃ
679 3572 843 3658 Ῥωμαϊστὶ
860 3569 996 3656 {scrupeis
1010 3569 1109 3647 Alfius
1122 3569 1171 3633 τὸν
1183 3570 1338 3650 Ῥωμαῖον,

728 3758 842 3811 Now

261 3877 281 3904 ¹¹
298 3869 340 3921 Aa
351 3886 408 3937 cap.
419 3878 445 3924 a.
801 3874 887 3927 dltur'
904 3888 946 3926 rx.
964 3879 1004 3925 19.
1021 3880 1049 3924 et
1057 3872 1118 3924 alibi
1137 3870 1230 3923 eodem
1246 3871 1287 3923 vel
1304 3872 1338 3924 sl·

263 3955 276 3981 ¹
293 3960 331 3999 tv.
343 3955 367 3999 t.
801 3953 856 4004 mill
867 3953 953 4004 modo.

263 4032 276 4059 ⁰
293 4024 324 4074 ln
337 4025 420 4076 ilenr.
438 4027 563 4093 Stephani
579 4030 686 4085 medica
698 4032 762 4083 artis
834 4027 846 4061 δ
866 4042 909 4078 ¹11·
926 4034 951 4079 ὅ.

231 4102 392 4171 principibus
402 4105 477 4154 l'om.
489 4117 523 4156 11.
539 4120 565 4169 p.
573 4109 631 4157 m.
834 4112 846 4139 ⁶
863 4103 903 4155 ef.
914 4118 975 4155 vrri.
989 4109 1028 4156 ll.

260 4188 276 4224 ⁹
293 4179 350 4232 (1.1.
362 4194 389 4245 p·
399 4185 456 4232 los.
835 4178 891 4231 ⁶8.
907 4195 935 4231 v.
952 4181 1064 4234 Kastron
1082 4183 1155 4235 Tum.
1173 4194 1204 4235 110
1230 4196 1257 4248 p.
1276 4186 1337 4236 24⁰·

263 4262 354 4307 *vura
374 4260 415 4308 ll.
442 4258 488 4309 Sic
511 4257 542 4309 ‘a
561 4258 694 4327 plerisque
708 4274 765 4312 ora·
802 4258 988 4314 calluerat.
