2992 4875
234 361 300 428 ato
486 375 594 427 aura
616 375 819 427 vauroauu
843 374 883 424 ru
909 373 1088 425 nuraorn

236 522 406 574 lnFlarnnrr.
418 524 476 572 ab.
495 522 555 573 Cell.
807 525 897 570 tantur
915 518 940 569 ei
960 534 1047 570 rursus
1066 532 1107 570 xr.
1119 517 1235 584 prditum
1249 518 1341 584 millia,

271 597 599 663 Quaenanilueeaattan]
614 599 701 649 Trium
711 598 768 659 nril·
806 604 834 647 at
851 611 920 647 xxx.
939 597 1078 661 elephanti.
1110 595 1185 647 Idem
1202 595 1342 661 Manlium,

235 674 300 726 llum
319 673 434 740 equiturn
454 672 542 723 annuli
559 688 610 723 neu
628 674 768 739 implerent
806 675 925 735 Malliu-
936 675 1035 725 scribit.
1055 673 1135 725 Visst.

236 744 293 806 tres
310 752 417 816 aradios,
433 751 537 817 opiner:
557 752 603 802 red
621 766 700 801 unum
714 766 768 802 me·
838 750 1089 816 ruiturarum]
1104 754 1175 803 rane.
1191 750 1250 801 Llr.
1269 750 1342 801 Gler.

237 830 308 882 diurn
320 828 411 893 lause,
421 829 543 893 opinatur
555 828 650 878 livius.
669 828 739 879 Glar.
840 843 888 880 ιι.
899 827 1030 893 elephanti]
1047 830 1082 879 Et
1093 830 1131 879 M.
1142 830 1246 893 argenti
1258 828 1344 879 talen-

271 906 302 956 Ia
322 905 452 970 Hispania,
470 904 511 954 abi
521 904 605 963 frater
625 903 771 964 Hannibalis
808 915 844 970 ta,
856 907 884 960 id
895 915 935 958 est
945 907 1168 959 antonomasia
1186 907 1259 957 Gla.

239 981 389 1046 Hasdrubal]
418 982 511 1032 Multae
539 982 713 1032 Romanarum
742 984 769 1033 iu
840 984 907 1034 Car.
921 988 960 1033 12.
976 982 1046 1033 Arar
1056 980 1152 1047 quarta]
1169 983 1260 1033 Tertia
1271 983 1345 1047 apud

239 1061 370 1127 Hispania
388 1076 481 1128 pugne
499 1059 582 1124 fuera,
594 1062 643 1111 hoe
655 1060 770 1111 secunde
808 1060 918 1123 Livium,
936 1060 1079 1111 Marcellus
1099 1059 1194 1109 Nolana
1214 1058 1345 1111 defendit.

239 1141 339 1191 Punice
355 1140 440 1191 bello:
457 1140 495 1190 ita
511 1155 573 1190 sane
593 1139 709 1188 variante
719 1137 771 1188 fer·
810 1137 860 1187 An.
872 1137 907 1188 U.
919 1137 948 1187 (l.
959 1139 1017 1187 aaa.
1035 1136 1106 1187 Glur.

239 1225 303 1270 tuna
318 1217 398 1279 sices,
418 1224 448 1267 nt
466 1218 570 1283 quaties
589 1216 616 1265 in
635 1214 712 1265 ltalia
730 1230 771 1266 res
815 1270 819 1275 ,
842 1215 881 1265 Μ.
899 1213 1015 1271 Claudius
1031 1213 1160 1271 Marcellae
1180 1212 1249 1277 Cae]
1271 1213 1345 1277 Pug-

238 1283 365 1347 Remanre
376 1293 592 1356 malehaberent,
608 1292 773 1355 inillapania
809 1304 867 1341 nam
889 1288 1009 1340 Marcelli
1036 1287 1070 1359 at
1097 1288 1193 1338 Nolam
1218 1289 1345 1339 adversas

239 1370 399 1422 tenuissima
428 1369 679 1422 administrarentur.
721 1369 771 1419 Cn.
809 1366 982 1418 Hannibalern
1002 1364 1112 1430 primunr
1130 1365 1251 1416 Romanis
1270 1381 1347 1430 pres·

239 1448 326 1515 Scipip
338 1448 431 1516 prieris
441 1447 501 1498 anni
513 1447 571 1498 Cos.
583 1447 610 1495 iu
621 1445 775 1510 Hispaniam
810 1459 900 1509 peram
927 1441 1063 1508 magnilica
1096 1441 1222 1493 describit
1255 1443 1348 1496 Lirim

240 1525 331 1576 missus
348 1539 364 1575 a
380 1525 449 1575 Pub.
469 1525 591 1589 Scipione
610 1522 703 1588 fratre,
721 1524 775 1589 pri·
809 1522 881 1575 bnt.
900 1521 974 1586 heJ‘us
997 1518 1073 1569 belli:
1098 1517 1143 1570 sed
1163 1534 1197 1568 ca
1214 1517 1287 1570 facta
1305 1522 1348 1569 est

239 1616 309 1652 mern
321 1615 379 1652 eum
391 1602 529 1663 Hannone,
539 1600 667 1651 citerioris
678 1600 774 1664 Hispa·
811 1613 878 1649 anuo
901 1598 990 1659 tertie,
1012 1611 1063 1661 qno
1089 1596 1231 1646 Marcellus
1248 1596 1348 1648 adhuc

240 1677 291 1747 nire
303 1676 370 1728 duce
381 1676 415 1726 ab
426 1676 575 1727 Hannibale
586 1677 639 1727 illie
649 1677 776 1727 constitn-
811 1685 910 1741 praetoe
930 1680 998 1737 erat,
1019 1681 1051 1724 ut
1071 1679 1112 1723 est
1136 1673 1205 1738 apud
1232 1673 1349 1726 Lirim

242 1761 280 1815 to,
300 1754 436 1818 pugnavit,
455 1760 514 1818 past
536 1768 647 1818 pugnam
668 1753 774 1817 Trebia·
813 1754 882 1805 Glur.
923 1753 1022 1803 Recte:
1051 1765 1203 1816 quamquam
1227 1750 1297 1803 larii
1317 1758 1349 1802 et

241 1844 320 1885 narn:
348 1843 386 1879 vr.
407 1829 518 1880 millibus
534 1828 673 1880 Poenarnrn
692 1830 776 1894 casn,
812 1829 931 1894 Eutropii
940 1826 1267 1892 laeacaneilieripessuntr
1285 1842 1348 1879 narn

242 1905 343 1957 duabus
352 1921 411 1956 cura
422 1906 480 1970 ipso
491 1904 557 1959 duee
570 1906 670 1972 captis:
688 1922 720 1958 ae
731 1922 775 1959 ea·
811 1905 950 1958 Marcellus
960 1905 994 1956 ad
1006 1905 1101 1956 Nolam
1113 1909 1153 1954 ter
1171 1917 1231 1955 curn
1245 1904 1351 1955 Huni-

242 1983 301 2034 dem
313 1989 429 2047 tempera
441 1984 518 2048 paulo
533 1984 774 2047 pestindnsitauis
812 1982 872 2033 bale
890 1981 1024 2047 pugnavit·
1057 1981 1244 2033 Primatum
1262 1981 1351 2035 nrulta

242 2058 411 2110 numinibus
418 2059 607 2111 Lacetanorum
614 2061 776 2124 anennual·
813 2065 872 2126 pest
887 2059 1007 2124 prelium
1029 2057 1166 2111 Cannense
1185 2056 1254 2123 (liv.
1265 2071 1351 2109 mr.

242 2137 303 2187 lium
312 2135 450 2186 Ausetanis
458 2135 605 2187 ferentium.
624 2137 776 2201 Porrepest
813 2135 867 2200 17.)
884 2151 960 2202 quum
981 2142 1049 2185 essct
1068 2134 1189 2185 Praeter..
1203 2134 1350 2186 secundans

242 2227 353 2278 pugnarn
374 2212 407 2263 ad
433 2213 618 2276 Trasimenum,
638 2213 706 2264 idern
728 2214 776 2265 Cn.
813 2212 931 2278 sequenti
942 2225 1008 2261 auae
1017 2211 1114 2278 (att.)
1130 2212 1352 2262 tertiemlreean·

241 2288 592 2354 Scipionavallpngnacnm
605 2289 776 2343 Hasdrubalis
813 2300 847 2343 na
865 2302 986 2345 nxxxrx.
1001 2286 1089 2355 (ibid.)
1122 2287 1175 2338 Adi
1193 2287 1350 2340 Pleurati.

243 2364 336 2428 classe,
346 2379 397 2415 nen
407 2365 484 2431 lenge
494 2366 527 2416 ab
537 2365 607 2416 Iberi
619 2367 777 2419 astiocerta·
813 2367 854 2415 ⁸9.
887 2363 925 2415 At
942 2378 1011 2415 nunc
1026 2370 1086 2416 erat
1102 2364 1201 2427 centul,
1217 2363 1266 2414 sed
1282 2364 1351 2414 vitia

245 2442 292 2506 rit,
311 2442 425 2512 quicque
444 2450 473 2493 et
492 2456 540 2494 xx.
559 2442 669 2496 naribus
687 2458 720 2495 ex
732 2457 777 2495 xa.
814 2448 928 2505 creatus,
941 2442 983 2507 (nt
999 2441 1352 2494 cbeerratlloctisairnaFe-

244 2519 345 2585 captia:
363 2517 596 2570 utrerefraterP.
607 2519 777 2584 advanil,an·
815 2518 897 2585 ruins)
912 2519 1046 2573 abdicatus
1061 2525 1111 2584 est,
1129 2519 1205 2584 eique
1224 2519 1353 2572 amit

244 2612 287 2649 sus
300 2596 444 2662 transgredi
456 2597 535 2646 etiam
546 2595 661 2659 Iberum,
673 2610 704 2647 ac
712 2596 778 2647 mira
814 2597 848 2647 T.
860 2596 1025 2661 Sempronius
1037 2596 1177 2647 Gracchus.
1197 2595 1317 2661 ἵει-11311.

242 2682 299 2725 arte
312 2674 367 2724 Ace
387 2674 459 2724 ducis
475 2671 597 2737 Hispani,
612 2686 701 2726 omnes
716 2672 777 2736 His·
822 2731 826 2736 ι
849 2672 915 2737 Coa]
931 2672 1043 2738 Frater,
1059 2673 1142 2738 inquit
1159 2672 1257 2724 lirina.
1278 2672 1352 2724 (ilua

243 2766 369 2817 panarum
387 2749 776 2820 obsidesnactus,on1nemin
815 2749 873 2801 Liv.
894 2761 978 2801 mn.
1004 2754 1044 2800 lt.
1087 2750 1234 2801 Praetorem
1261 2757 1352 2803 verat.

243 2826 695 2894 seHispanorumfarorernderivat.
711 2825 777 2877 Par·
817 2827 877 2880 cett.
1108 2869 1111 2886 ‚

244 2920 273 2968 re
286 2912 345 2970 pest
355 2906 518 2955 Cannensem
531 2917 653 2969 pugnans,
662 2903 777 2954 Hasdru·
847 2905 916 2955 Bere
931 2904 1060 2970 mail]
1093 2901 1182 2959 Livius
1206 2918 1290 2957 xxm·
1308 2909 1355 2956 la.

243 2981 352 3034 balenra
363 2980 579 3054 duobuaducibus
587 2982 694 3046 vietum,
706 2981 723 3033 l.
732 2996 777 3033 ιιι.
815 2982 823 3011 ‘
837 2981 942 3048 quidam
953 2990 1074 3033 auctores
1085 2987 1155 3047 snut,
1165 2981 1218 3034 due
1230 2982 1310 3034 millia
1322 2989 1355 3032 et

243 3058 325 3110 refert
337 3059 434 3121 Livius,
451 3057 608 3107 memorabili
627 3072 722 3123 pugna,
739 3057 778 3108 ita
815 3071 872 3109 ece.
890 3057 1001 3120 hostium
1018 3071 1118 3112 casca:
1144 3071 1197 3107 nen
1219 3057 1280 3123 plns
1298 3071 1355 3109 nne

244 3144 274 3188 nt
291 3135 448 3186 Hasdrubali
465 3150 516 3184 non
535 3133 610 3183 modo
626 3134 654 3183 in
673 3133 777 3184 ltaliam
815 3133 944 3185 Reum
952 3132 1085 3185 amisisse?
1104 3133 1164 3184 cru.

244 3211 399 3284 traducendi
410 3211 551 3272 exercitus,
559 3210 604 3259 sed
617 3224 649 3260 ne
658 3211 778 3262 manendi
847 3209 972 3260 11li
992 3210 1080 3260 awa·
1099 3210 1210 3264 datan
1235 3212 1359 3263 Runa·

245 3287 349 3354 quidem
369 3287 430 3337 satis
450 3293 507 3336 tuto
525 3285 551 3334 in
570 3285 697 3350 Hispania
717 3302 779 3354 spes
814 3284 880 3349 rura]
895 3285 986 3350 Capua
1004 3285 1151 3350 amanda
1172 3293 1255 3352 capnt
1271 3288 1356 3339 edan

245 3365 339 3415 relicta
350 3368 429 3412 esset.
450 3362 519 3413 Glar.
815 3360 924 3425 deiecit,
943 3361 977 3411 de
997 3375 1048 3426 qna
1068 3361 1151 3414 naulis
1170 3362 1259 3414 lirina
1278 3363 1356 3415 lm.

277 3437 409 3491 Addebat
431 3436 592 3502 Sdpiesibus]
620 3437 668 3491 Cn.
690 3451 721 3490 ae
743 3441 777 3491 P.
813 3440 891 3506 bajas
911 3440 983 3492 belli.
1015 3439 1113 3496 Petilia
1133 3440 1161 3489 in
1182 3442 1284 3493 Brun'is
1304 3456 1356 3492 et-

245 3532 309 3588 quos
320 3516 431 3581 Reipub.
441 3531 527 3566 mures
543 3516 631 3567 Paenis
642 3518 778 3583 appositas
815 3524 940 3584 pugnata,
950 3515 1100 3580 Consentia,
1110 3515 1205 3576 Crete,
1217 3517 1306 3580 Locri,
1318 3533 1354 3569 ae

244 3595 361 3662 nominat
373 3593 475 3645 Cicero.
493 3593 565 3643 Glar.
814 3602 875 3660 pest
886 3595 989 3660 lengum
1004 3594 1146 3646 Tarauna
1162 3594 1246 3647 etiarn
1255 3587 1358 3647 uenat

277 3670 301 3722 A
323 3669 412 3721 duobus
434 3668 594 3735 Scipionibus]
626 3669 723 3721 Public
750 3678 778 3722 et
814 3672 1018 3738 balipreditnrn.
1036 3672 1106 3727 Gur.

247 3748 337 3811 cneo,
354 3757 429 3812 patre
449 3749 531 3796 altero
548 3744 673 3811 Africani,
693 3748 777 3799 altera
849 3748 991 3814 occeperit]
1014 3748 1064 3797 Vel
1085 3748 1120 3809 vi,
1139 3749 1183 3800 rel
1205 3751 1353 3804 vuluntate.

246 3832 351 3892 patrue.
371 3825 431 3875 cell.
817 3826 888 3876 Gler.
1278 3836 1285 3844 ’

259 3895 366 3951 'xxxa
382 3898 475 3962 Miltia]
499 3897 625 3948 Eundem
644 3912 778 3952 numerans
850 3901 1064 3952 lterlltaeedaaiea
1075 3899 1217 3967 Plttppue]
1240 3916 1354 3956 mm.

243 3976 322 4027 babet
350 3976 427 4027 Ores.
449 3990 486 4024 rr.
505 3979 531 4023 6.
575 3974 650 4025 Livio
675 3981 777 4026 tanturn
815 3979 883 4042 Rex,
903 3978 1004 4028 honest
1019 3977 1190 4041 penrdtimus.
1226 3977 1354 4044 Polybius

243 4053 403 4117 ‘magnatis
416 4052 546 4102 hominurn
561 4051 655 4103 oceua'
673 4051 778 4104 dicitnr.
815 4058 832 4109 1.
851 4073 876 4107 v.
895 4057 940 4118 ait,
960 4055 1122 4106 Demetrium
1143 4055 1269 4107 Phariam
1291 4056 1354 4121 llly-

249 4132 367 4197 Verleylr.
513 4173 518 4182 .
816 4135 881 4184 rium
899 4135 947 4184 hoc
965 4134 1075 4183 acuisse
1094 4131 1229 4197 Philippu.
1263 4134 1353 4185 uriae

278 4208 471 4258 mariaeerat«
483 4208 728 4275 Carthaginiensibus]
745 4211 779 4261 ln
816 4216 903 4261 antem
912 4211 930 4259 Ι.
940 4223 981 4260 ιιι.
993 4210 1069 4274 hujus
1081 4208 1153 4270 belli]
1164 4211 1201 4259 alt
1211 4211 1352 4275 Xemph·

247 4283 329 4350 antiq.
339 4283 386 4337 nb.
397 4285 536 4352 banleuga
546 4287 633 4354 aliter,
643 4286 697 4339 sic:
714 4288 778 4338 Mit-
816 4301 874 4337 nem
894 4288 947 4352 ejus
973 4288 1087 4351 legatum
1113 4286 1146 4340 ed
1174 4286 1351 4339 Hannibalem
