2992 4875
589 411 695 460 ,usn
719 375 818 460 vni-f
1208 395 1251 462 at

151 558 269 641 signet,
283 557 339 623 rei
362 558 456 642 ipsos
476 576 632 622 annorum
646 577 802 623 numeros
823 565 983 642 apponat.
1027 557 1115 623 Tum
1130 557 1252 624 alibro

151 661 224 726 inde
240 662 397 747 septimo,
414 681 490 726 cum
512 662 556 725 ad
582 662 785 744 singulorum
809 663 981 728 arbitrium
996 668 1031 727 et
1047 662 1251 726 dominatum

151 781 198 826 res
213 765 356 848 publica
379 765 511 848 relapsa
523 771 623 843 esset,
638 765 680 829 ad
704 765 846 848 priorem
861 767 1020 831 rationem
1033 765 1129 844 rodii,
1145 772 1180 828 et
1194 784 1253 847 per

151 867 338 950 principum
355 867 442 931 vitas
457 868 600 950 plurium
616 886 777 933 annorum
792 889 845 933 res
861 877 974 954 gestas
988 869 1119 951 digerit,
1133 868 1167 932 in
1183 887 1251 952 quo

150 966 295 1048 quidem,
310 970 341 1032 si
356 988 521 1036 summam
541 989 656 1035 earum
682 976 824 1055 spectes,
849 971 1016 1038 difficilius
1042 972 1105 1037 fuit
1128 990 1250 1036 errare.

151 1067 277 1136 Contra
289 1073 412 1152 evenit,
426 1075 485 1139 ubi
505 1075 651 1156 singulos
672 1095 779 1140 annos
793 1078 936 1142 numeris
950 1077 1097 1144 maxim
1111 1075 1251 1153 indicat,

19 1243 20 1254 χ
148 1173 276 1256 quippe
290 1177 360 1259 qui,
375 1195 442 1241 non
464 1177 581 1258 literis,
596 1178 654 1243 sed
669 1180 774 1263 signis
789 1181 844 1246 vel
862 1182 953 1246 notis
967 1181 1136 1266 expressi,
1150 1179 1252 1245 facite

19 1347 20 1362 χ
116 1287 120 1298 ’
148 1296 168 1340 a
193 1276 405 1344 librariorum
432 1281 609 1346 incuriosis
630 1283 787 1348 manibus
812 1284 921 1348 vitiari
942 1283 1049 1350 solent
1069 1291 1104 1346 et
1127 1281 1251 1367 disjici,

148 1381 238 1464 quod
254 1384 338 1446 etin
349 1389 466 1466 nostro
481 1404 576 1470 saepe
591 1385 718 1450 sactum
744 1406 820 1450 esse
842 1405 926 1450 usus
953 1385 1066 1472 docet,
1083 1390 1128 1464 ut,
1151 1403 1251 1468 quarn

145 1484 350 1567 supputandi
370 1486 534 1552 rationem
551 1497 685 1570 secunus
700 1491 756 1556 iiie
773 1491 827 1568 sit,
842 1491 1056 1554 minimeaut
1078 1509 1166 1571 aegre
1181 1493 1251 1552 sis·

146 1590 234 1651 tuere
261 1588 373 1667 liceat,
399 1589 441 1654 de
467 1611 534 1676 quo
560 1593 711 1658 monendi
736 1596 871 1678 inipso
895 1593 1135 1657 commentario
1158 1609 1252 1675 saepe

147 1694 366 1758 occasionem
388 1695 443 1759 vel
467 1697 695 1761 necessitatem
723 1699 894 1783 objectam
918 1717 996 1762 esse
1023 1697 1124 1761 sensi.
1168 1685 1254 1761 Sunt

147 1800 267 1874 muron,
280 1798 341 1862 ubi
365 1797 511 1864 Codices
537 1802 726 1881 concinunt,
743 1822 821 1886 quae
842 1801 1005 1867 Varronis
1024 1801 1067 1865 ab
1082 1820 1125 1866 eo
1140 1798 1252 1864 calcu·

147 1891 197 1962 ios
211 1900 374 1982 probatos
388 1920 463 1966 esse
477 1904 646 1968 suadeant.

593 2143 700 2210 CAP.
722 2143 808 2211 VII.

421 2312 470 2360 DE
492 2312 687 2361 ouat'tortu
712 2305 986 2362 autuoutnrtast

188 2430 293 2499 Usus
309 2440 363 2500 est
378 2432 561 2520 Eutropius
585 2437 620 2499 in
635 2432 875 2500 conscribenda
896 2432 1044 2510 historia,
1067 2450 1142 2515 quse
1158 2429 1268 2511 decet,

147 2537 303 2615 maxime,
314 2538 463 2602 oratione
478 2540 577 2616 tenni,
592 2543 722 2622 aperta,
738 2543 771 2603 et
785 2537 979 2621 perspicua,
990 2533 1041 2599 sic
1056 2540 1092 2599 ut
1106 2533 1254 2597 detracto

148 2639 237 2702 omni
253 2639 319 2705 iere
341 2646 461 2707 ornatu
484 2641 641 2726 cultuque
664 2641 885 2724 exquisitim,
910 2637 981 2701 siue
995 2636 1173 2699 verborum
1188 2652 1251 2697 nn·

148 2741 325 2808 morosiore
339 2749 563 2822 mensuraet
585 2742 795 2828 periodorum
819 2740 998 2806 ambitiosa
1020 2742 1185 2803 structura
1198 2754 1253 2801 res

651 2959 757 3012 NOTAE

176 3086 252 3148 *De
272 3084 393 3151 Eutropii
412 3086 529 3137 orations
550 3086 680 3135 disserunt
720 3082 804 3132 Porro
824 3082 850 3131 in
862 3081 1005 3131 universum
1024 3079 1107 3144 magia
1128 3078 1256 3144 disputat,

148 3169 365 3213 commentatores
388 3162 415 3211 iu
432 3161 638 3227 prefationibus,
652 3167 680 3211 et
719 3165 758 3223 et,
769 3174 827 3225 qua
837 3159 943 3224 propius
953 3158 986 3208 ad
998 3159 1188 3222 ipsemecum
1197 3171 1255 3222 per·

147 3240 189 3304 qui
200 3239 234 3290 de
246 3239 397 3289 metuntur
409 3238 543 3291 veteribus
555 3251 680 3303 exposue·
721 3239 815 3302 duent,
830 3237 941 3288 strictim
962 3242 1064 3297 tautum
1084 3234 1192 3298 attingit
1209 3247 1256 3297 po·

146 3322 215 3380 runt,
225 3314 309 3364 veluti
323 3313 428 3364 Vossius
440 3314 473 3364 de
484 3314 612 3365 historicis
632 3316 679 3364 Lu·
722 3316 782 3379 tius,
797 3330 874 3380 quam
886 3314 998 3380 pressius
1007 3313 1180 3377 persequitur.
1204 3310 1255 3360 iiia

147 3392 203 3441 tinia
213 3405 245 3443 rr.
258 3395 281 3442 8.
315 3392 399 3441 Oians
412 3393 561 3442 Burrichins
578 3391 602 3441 in
619 3407 678 3442 con·
721 3392 825 3458 qnidam
837 3391 946 3442 consitio
956 3391 1090 3455 proposito
1102 3388 1222 3452 intraret,
1228 3391 1257 3437 et

146 3475 234 3533 spectu
246 3470 459 3534 prestantiorem
476 3471 631 3534 scriptorum
650 3484 677 3519 u.
719 3471 901 3522 ex.virtutibus
908 3469 1023 3519 historici
1030 3467 1091 3532 styli
1102 3466 1256 3530 Eutropia!

147 3549 277 3611 inpii.
312 3546 442 3597 Waichins
453 3546 479 3595 iu
491 3547 598 3596 historia
608 3545 678 3597 criti·
719 3548 857 3614 dijudicat.
896 3544 1039 3597 Contendit
1058 3550 1145 3595 autem
1164 3549 1194 3594 et
1211 3556 1260 3593 ex·

148 3623 257 3674 ahl..
277 3628 373 3686 cap.8.
389 3622 579 3693 5.-Sedfldata
599 3638 680 3687 opera
719 3625 812 3691 emptis
831 3623 986 3689 quibusdam
1008 3622 1117 3687 proiatis
1136 3620 1257 3670 evincere

146 3699 210 3750 hane
232 3700 405 3765 quaestionem
427 3699 539 3749 instituit
558 3699 679 3748 netntrsr-
719 3702 820 3763 studet,
851 3702 1001 3766 puritatem,
1029 3698 1255 3764 perspicuitatem,

147 3776 193 3827 dns
214 3778 241 3828 in
269 3776 453 3828 dissertatione
473 3776 628 3841 philologici
645 3776 680 3826 de
719 3782 875 3847 dignitatem
887 3788 915 3830 et
926 3778 1080 3829 suavitatem
1098 3775 1153 3839 ejas
1173 3774 1252 3825 orati·

148 3855 213 3919 stylo
225 3854 358 3918 Eutropii,
369 3870 445 3920 quam
458 3852 571 3918 praefixit
587 3852 680 3904 editio·
720 3861 763 3911 oni
774 3859 868 3909 inesse.
901 3856 954 3907 Sed
970 3871 1018 3921 pro
1032 3856 1088 3917 ipso
1100 3853 1255 3917 disputatio·

149 3929 175 3979 ui
185 3945 248 3992 sua,
268 3938 296 3978 ct
307 3930 340 3989 in,
356 3929 482 3994 peculiari
505 3929 592 3979 libello
613 3929 679 3994 Aug·
720 3937 760 3986 nis
771 3937 873 3985 modulo
884 3934 981 3984 diutius
997 3934 1023 3983 in
1040 3932 1114 3982 aditu
1131 3936 1255 3994 moratus,

148 4005 256 4058 Gottiob
267 4006 339 4057 Frid.
357 4006 492 4058 Koititsius
509 4006 542 4056 de
563 4014 680 4058 ueterum
719 4011 781 4062 inde
792 4012 823 4062 ad
837 4010 1030 4075 persequendas
1041 4007 1254 4071 orationisiristo-

149 4081 299 4133 latinorum
351 4083 463 4134 tectione
506 4082 680 4149 (vitemberg.
720 4089 781 4139 rica
804 4088 913 4139 virtutes
939 4086 1016 4136 iatius
1035 4084 1197 4148 expatiatur,
1225 4089 1254 4134 et

150 4163 218 4212 list.
228 4161 267 4219 a.)
284 4162 327 4210 cui
340 4160 467 4225 appendit
488 4169 628 4211 tractatum
643 4162 678 4212 de
721 4165 794 4231 quasi
804 4164 837 4215 ad
850 4165 917 4214 viam
929 4162 1016 4230 aliqua
1027 4176 1061 4212 ex
1071 4160 1201 4228 Eutropio
1212 4160 1256 4211 de·

149 4237 213 4300 styio
224 4237 353 4301 Eutropii.
380 4237 465 4288 Nimis
475 4243 561 4287 tamen
572 4236 614 4287 iric
624 4239 678 4289 alte
719 4242 813 4308 carpit.

150 4324 200 4364 tam
211 4312 320 4380 repetit,
328 4312 448 4365 etalieua
458 4328 531 4380 sape
539 4313 678 4367 immiscet.
