2992 4875
223 301 272 378 ὅθ
451 387 456 396 ,
640 313 889 374 -rns'runorrrt

225 461 388 560 penei
420 470 568 559 quodam
589 472 689 557 quasi
722 471 931 557 postliminio
962 461 1334 559 mendantensium

225 579 337 646 locrnn
372 582 592 662 recuperaret.
648 576 824 644 Dieconus
861 576 927 653 iile,
963 578 1090 641 monitu
1126 574 1332 664 Adiihergoe,

227 682 395 748 Desiderii
418 681 711 765 Langobardorum
727 680 833 764 Regis
848 679 940 758 tiliae,
960 699 1025 744 non
1048 680 1158 744 sulum
1181 684 1334 748 auctoris

224 788 322 872 hujus
343 788 517 852 historiam
537 785 733 870 interpolem
755 784 890 862 feceret,
914 783 974 847 sed
987 783 1098 867 ipsam
1113 803 1210 869 paene
1226 777 1335 851 totam

224 893 413 970 inverterat,
436 889 514 954 dum
536 891 640 954 multa
661 889 703 954 de
724 907 788 954 suo
811 888 986 967 infarciret,
1006 888 1181 973 multaque
1201 890 1333 973 passim

227 994 397 1073 adimeret,
414 1002 475 1060 aut
488 994 691 1059 transferret.
737 993 903 1058 Militavit
917 992 1101 1077 Eutropius
1116 993 1179 1057 suh
1193 992 1333 1062 Iuliano
1427 1071 1433 1082 ι

223 1099 387 1182 parahete
409 1119 449 1163 ac
475 1097 653 1177 desertore,
671 1097 859 1182 librumque
879 1117 976 1161 suum
998 1095 1168 1161 dedicavit
1182 1095 1332 1163 Valenti.

224 1200 300 1267 Nec
315 1203 398 1266 satis
410 1201 526 1286 liquet,
541 1202 638 1287 cujus
660 1201 716 1266 ille
736 1201 837 1265 fuerit
850 1199 1038 1282 religionis3
1061 1200 1186 1284 quippe
1201 1200 1270 1284 qui,
1294 1200 1335 1284 in

224 1307 411 1374 colliminio
425 1307 632 1373 tenebrarum
648 1324 690 1370 ac
713 1305 799 1370 lucis
815 1304 1024 1382 constitutus,
1039 1322 1100 1367 nec
1117 1303 1332 1387 Paganorum

222 1411 305 1475 ritus
328 1411 496 1495 probaret,
519 1430 581 1474 nec
607 1407 777 1474 cnnrsro
801 1415 914 1473 muneri>
925 1407 1074 1472 dedisset
1091 1429 1221 1475 nomen.
1265 1408 1333 1475 So·

223 1514 368 1598 phistam
391 1514 514 1581 Italum
529 1518 630 1579 vocet
645 1511 791 1592 Suidas3
814 1511 998 1596 eodemque
1022 1514 1155 1578 nomine
1179 1519 1335 1580 censetur

223 1620 257 1683 iu
271 1618 456 1702 originibus
471 1615 865 1699 constantinopolitanis.
898 1613 1103 1701 Quanquam
1114 1637 1182 1682 non
1197 1619 1331 1696 desunt,

161 1803 165 1810 .
223 1723 281 1805 qui
304 1722 395 1787 hunc
425 1721 620 1806 Eutropium
645 1719 838 1785 historicum
863 1718 1004 1785 eundem
1028 1741 1103 1786 esse
1127 1722 1333 1788 contendunt

223 1843 300 1888 cum
323 1822 485 1908 Eutropio
513 1825 708 1908 presbytero
730 1819 907 1901 Africano,
928 1821 1115 1907 Augustini
1148 1824 1333 1910 discipulo,

222 1928 281 2011 qui
296 1926 382 1992 duas
404 1927 448 1992 ad
470 1946 599 1992 sorores
621 1926 867 1992 consolationes
881 1927 1090 2011 conscripsit,
1105 1927 1201 2012 cujus
1216 1931 1334 1997 memi-

219 2049 297 2095 nere
311 2031 518 2098 Ptolemaeus
530 2030 707 2109 Lucensis,
722 2029 919 2116 etRaphael
928 2030 1175 2098 Volatenanus.
1199 2033 1333 2117 Stylum

219 2136 292 2220 ejus
306 2135 471 2219 improbat
478 2132 636 2213 Vossius,
648 2138 685 2197 ut
698 2153 817 2217 parum
825 2137 1050 2201 concinnum:
1072 2135 1194 2200 fatetur
1204 2142 1328 2216 tamem

221 2255 276 2301 res
290 2237 385 2321 ipses
399 2236 600 2321 compendio
613 2236 697 2301 satis
720 2237 898 2302 commodo
920 2239 964 2303 ab
980 2238 1144 2324 Eutropio
1162 2242 1332 2307 constric-

221 2349 285 2407 tas.
331 2340 575 2406 Ductissimum
596 2339 700 2406 fuisse
722 2339 932 2426 Eutropium,
956 2348 988 2407 et
1009 2344 1114 2409 multa
1142 2345 1331 2429 eloquentia

220 2445 399 2530 scripsisse
430 2451 526 2531 putat
547 2445 700 2513 Jacohus
732 2447 922 2533 Philippus.
968 2448 1151 2532 Antiquurn
1174 2446 1331 2515 historio·

220 2549 380 2636 graphum
402 2550 550 2636 appellat
564 2550 774 2615 Hincmarus
788 2550 1001 2616 Rhemensis.
1045 2550 1093 2616 At
1116 2552 1328 2619 Schenovius

219 2668 287 2718 nou
307 2674 385 2720 eum
405 2655 492 2719 inter
512 2653 665 2739 antiques
686 2659 856 2736 recenset;
879 2654 938 2719 sed
959 2654 1038 2720 licet
1059 2656 1200 2740 scripsit
1217 2665 1330 2743 puste-

218 2757 298 2835 rius,
321 2777 430 2841 neque
462 2763 585 2834 tamen
616 2757 735 2842 inquit,
757 2758 866 2823 minor
888 2759 1099 2843 eloquentia3
1131 2767 1165 2826 et
1195 2760 1330 2845 judicio

219 2860 320 2926 etiam
334 2861 561 2945 superioribus
573 2860 635 2925 fuit
650 2861 851 2927 eminentior.
886 2862 974 2929 Sane
989 2864 1106 2949 quenti
1121 2885 1197 2930 eum
1213 2865 1329 2932 Graeci

219 2961 367 3041 fecerint,
378 2964 436 3027 'vel
451 2970 643 3047 argumento
657 2964 737 3029 illud
760 2967 832 3044 erit,
849 2966 940 3051 quod
955 2966 1079 3051 Capito
1091 2986 1094 2991 ’
1106 2973 1141 3034 et
1167 2969 1327 3051 Paeanius

218 3062 414 3150 Eutropiuni
429 3066 620 3150 compendii
632 3069 858 3152 metaphrasin
870 3070 992 3137 Graece
1005 3070 1208 3156 scripserint.
1236 3070 1326 3140 Dnae

217 3174 296 3234 sunt
309 3176 419 3236 antem
433 3170 568 3235 omnino
593 3189 658 3249 res,
672 3193 748 3257 qure
770 3174 893 3240 famam
908 3182 942 3241 et
956 3177 1095 3259 gloriam
1107 3174 1330 3261 scripturiens

216 3272 398 3337 conciliare
412 3272 552 3353 sonant,
574 3274 604 3338 si
625 3276 661 3339 in
676 3275 806 3342 alienas
824 3279 1058 3346 transferantur
1070 3276 1213 3365 linguas,
1228 3278 1326 3363 sique

217 3375 545 3459 interpretationibus
560 3379 773 3449 illustrentur.

236 3659 317 3729 Ant.
333 3660 516 3731 Posseuinur
537 3667 571 3732 in
588 3638 761 3755 Apparatus
789 3668 834 3735 ud
862 3670 998 3737 omnium
1031 3671 1172 3760 gentium
1193 3673 1301 3741 butor.

649 3790 677 3876 ᾗ.
701 3806 758 3854 ru.
786 3813 813 3857 c.
835 3791 889 3857 35.

258 3917 403 3986 ‘Minus
422 3922 558 4007 quidem
579 3924 725 4009 elegans,
743 3898 809 3994 'sed
824 3949 899 3993 curn
914 3949 959 3994 ex
980 3929 1080 3994 Livio
1101 3935 1136 3995 et
1159 3929 1324 4001 Sallustio

212 4036 265 4089 res
279 4024 376 4087 uehis
398 4044 484 4090 nunc
506 4027 639 4110 ignotas
653 4029 864 4114 decerpserit,
875 4040 911 4096 et
923 4052 1054 4099 omnem
1068 4032 1238 4099 historiam
1249 4030 1323 4100 Ro«

213 4120 441 4217 manam,'‘&p.
464 4134 613 4217 utsupra
626 4132 667 4220 in⁵
678 4134 788 4200 verbis
801 4134 943 4219 Sigouii.
1071 4176 1078 4191 ·
1322 4124 1325 4137 ¹
