2992 4875
318 384 499 436 unnvrun.
522 384 621 437 nter.
645 386 736 436 aon.
762 387 834 437 niu.
856 388 891 437 v.
914 385 996 437 one.
1018 371 1052 436 7.
1168 368 1233 437 887

126 529 286 594 sirbpticiter
307 529 400 595 posito,
418 529 476 580 ride
492 544 572 594 supra
589 543 627 580 ιν.
640 533 664 580 b.
734 528 873 593 Dordusoe]
887 529 981 594 Mysiae
998 527 1136 594 superioris
1150 542 1233 594 popa·

131 609 224 658 Cetter.
703 605 750 655 los.
770 606 840 656 Gtur.

163 684 343 747 Pompeio
355 685 486 735 moridie
496 681 663 745 bodiamwe
733 682 877 749 Scndiacos]
897 681 940 733 Ad
963 681 1125 732 Adriaticum
1153 695 1232 734 ruere.

128 760 169 809 bis
179 761 280 810 duobus
291 761 385 825 pretiis
392 761 506 810 meuriuit
518 762 586 811 Flor-
596 760 663 810 iibro
703 759 773 810 Gtur.
875 778 880 789 ·

128 848 240 885 mxu.
260 851 300 885 ac·
312 835 398 900 priore
414 836 517 900 quidem
536 835 662 898 proetioc.
733 835 833 899 Moesos]
850 836 976 901 Mpmrt.
996 836 1065 885 Gtur.

126 913 214 961 ruittia
236 927 314 973 cess,
339 914 422 962 attero
445 918 527 961 toturn
544 911 663 961 Arctretai
733 912 917 975 Moesos1itaec
939 927 988 962 uox
1005 910 1169 976 metaphrasi
1186 926 1231 963 ex·

128 988 275 1037 exercitum
287 986 405 1051 iugatum
424 1001 455 1036 ac
475 986 590 1037 deletum
600 987 662 1037 scri·
701 989 774 1040 cidit.
791 991 885 1040 Modus
902 991 945 1039 ret
964 990 1047 1040 Medus
1066 988 1164 1040 edint.
1176 988 1230 1041 Ob-

127 1063 178 1125 bit,
196 1064 352 1114 Archelaum
369 1078 427 1114 cunr
445 1063 516 1127 regia
535 1065 616 1114 classe
632 1080 660 1115 se
700 1080 755 1131 seq.
766 1082 788 1117 c
800 1071 857 1116 loe.
870 1065 980 1132 praefert
992 1067 1047 1115 Cet.
1059 1066 1231 1130 Oudendorp.

126 1141 277 1192 tradidisse.
295 1143 365 1191 Gtor.
700 1145 785 1203 Quem
795 1143 910 1194 consule.
942 1142 984 1194 Ab
996 1141 1042 1191 hac
1053 1141 1166 1205 tectione
1177 1156 1230 1192 uou

164 1219 263 1283 Viginti
273 1218 361 1282 mittio]
379 1217 462 1268 Recte
474 1218 515 1268 ci.
525 1217 659 1269 Grunerus
698 1222 807 1270 muttum
818 1219 920 1271 recedit
931 1219 996 1270 Cod.
1015 1218 1090 1270 Leid.
1105 1221 1129 1269 1.
1140 1218 1228 1269 Metus.

123 1297 302 1346 xv.eCodd.
321 1297 349 1345 tn
370 1296 423 1345 ιθ.
443 1295 474 1345 Β.
494 1295 533 1344 Μ.
545 1296 574 1345 F.
585 1296 659 1348 (nt.
697 1291 776 1347 Verh.

126 1373 191 1423 But.
206 1376 229 1421 1.
249 1379 275 1420 et
291 1370 396 1423 Paeaoio
412 1370 536 1433 reposuit.
549 1375 577 1421 ’2.
590 1378 617 1421 et
634 1375 658 1423 ³.
733 1372 866 1436 Verrissent]
882 1371 925 1423 Ad
936 1371 1042 1436 Syllam.
1060 1372 1130 1421 Gtor.

124 1447 293 1511 confirmant,
317 1448 385 1514 quod
402 1448 583 1512 Harercurnpo
607 1463 658 1499 uon
728 1449 787 1498 Pax
802 1449 867 1499 inter
883 1463 921 1499 eos
938 1448 1048 1497 ordinatu
1067 1448 1114 1513 est]
1135 1446 1227 1497 Florus

127 1524 215 1575 visum
233 1533 281 1575 eat.
322 1525 346 1574 E
366 1526 412 1575 sub
431 1526 509 1576 etiarn
532 1527 659 1590 Eutropio
696 1526 763 1577 tibro
782 1539 902 1577 muri.
924 1525 996 1590 Sylla
1016 1524 1121 1574 cumin
1138 1522 1228 1573 Asiam

124 1601 224 1651 Msad
237 1601 565 1653 Ororiuurvr.t.restituit
581 1604 657 1655 Febr.
696 1604 852 1668 trajecisset,
878 1618 968 1670 pacem
987 1616 1045 1651 curn
1072 1600 1227 1651 Mithridate

124 1677 199 1741 'sript
214 1677 271 1730 rubr
288 1678 380 1743 nuptm
397 1680 437 1733 rut
452 1680 658 1743 πεντακισχιλίους
695 1677 769 1744 iecit,
787 1680 825 1730 ita
843 1687 877 1729 ut·
890 1680 929 1728 his
950 1678 1057 1729 cederet
1078 1678 1227 1742 provinciis,

123 1770 228 1822 quoquc
239 1755 353 1820 Appisu.
365 1757 395 1806 B.
404 1758 443 1807 M.
455 1761 512 1808 20⁸.
532 1757 602 1808 Veri.
695 1755 770 1818 Asia,
794 1755 928 1821 Bithynia,
951 1754 1127 1821 Cappadocia.
1155 1755 1227 1805 Gtur.

159 1832 354 1896 Horreoadr'to,
372 1834 530 1884 Mithridates
539 1849 591 1883 cass
602 1833 656 1899 Spt·
696 1834 734 1883 Ut
747 1832 914 1884 Mithridates
932 1832 1040 1882 cederet
1051 1831 1227 1895 nituerun-

123 1908 161 1973 te]
194 1910 310 1959 Velleius
332 1911 486 1960 Paterentur
503 1910 544 1960 itu
565 1911 657 1972 treber,
694 1909 746 1973 utu,
758 1910 935 1977 cappadocia.
948 1907 1226 1975 Epitliviiuxxxrn.

122 2001 157 2038 11.
168 1991 212 2038 21.
228 1987 414 2052 Transgressus
424 1987 520 2038 deiude
531 1987 557 2037 iu
568 1986 656 2037 Asiam
696 1987 758 2039 Ceti.

123 2066 351 2129 Syttapareotsur
371 2072 432 2114 rute
447 2064 654 2129 ouruemsuppti·
727 2064 858 2115 Nondum
874 2064 953 2130 Qttu]
975 2062 1119 2114 Annoubt.
1152 2063 1226 2113 Atte-

122 2157 235 2209 esmqne
255 2142 433 2193 Mithridatem
451 2142 562 2193 inuenit:
580 2157 656 2207 quem
694 2141 850 2202 nimidas,
870 2141 939 2206 quod
957 2141 1023 2190 mate
1041 2138 1225 2190 tractavitur-

122 2221 208 2269 muita
216 2233 276 2269 eum
287 2218 396 2282 pecunia
407 2233 438 2268 ac
458 2225 533 2282 perte
544 2218 656 2282 nuvium,
692 2217 761 2284 bem,
771 2218 874 2284 quaudo
886 2217 1005 2269 nobilitas
1014 2229 1082 2267 erese
1090 2223 1155 2266 ests
1166 2217 1224 2267 Mr-

121 2295 190 2346 Ariu
214 2295 382 2360 omnibusque
417 2295 475 2345 eliis
506 2296 655 2361 provinciis,
692 2296 780 2346 rianis.
798 2295 870 2346 Gtur.

123 2387 190 2438 quas
200 2371 654 2438 armisoceupaverut,decedereco·
725 2374 757 2423 Is
772 2371 877 2438 Achoiu]
900 2370 1011 2422 Gruoir.
1037 2370 1107 2420 Gtor.
1139 2369 1224 2423 Recte

122 2450 192 2515 egit,
212 2449 333 2514 captivos
352 2450 464 2513 recepit,
482 2450 509 2498 in
531 2448 654 2515 profugos
692 2452 798 2517 quidem
810 2452 962 2502 Giereauus.
986 2448 1223 2500 Moxeuiur⁴Uui

121 2526 269 2591 noxiasque
286 2524 479 2588 animadvertit,
493 2527 616 2590 paternis,
626 2527 653 2578 id
692 2543 780 2578 versus
801 2529 915 2593 reliquus
933 2533 1039 2578 senatus
1057 2542 1089 2576 ex
1108 2526 1174 2582 urhe
1185 2527 1226 2578 iu·

121 2610 165 2653 est
181 2602 307 2666 Ponticis,
317 2600 409 2652 tinibus
426 2609 576 2653 contentum
596 2617 653 2653 esse
692 2604 776 2668 giem,
794 2603 827 2653 ud
843 2603 940 2667 Syttum
958 2603 985 2652 iu
997 2602 1126 2652 Graeciam
1138 2601 1226 2654 veuit!

114 2679 208 2744 jussit.
229 2679 300 2729 Gtur.
396 2691 400 2699 ·
633 2743 636 2748 .
692 2680 744 2729 Sed
756 2679 935 2730 eodemmodo
947 2684 1101 2748 supra-cb.
1119 2678 1227 2743 scripsit

157 2758 221 2805 eun
232 2754 300 2820 Spita
314 2757 343 2805 de
358 2769 496 2820 puseugere
505 2754 590 2820 erepit]
602 2757 654 2810 Ve·
691 2755 822 2806 ‘Athene
839 2756 932 2806 ciritss
949 2753 1074 2805 Achaiae!
1106 2753 1224 2804 Ubirid.

121 2839 165 2882 tus
175 2832 251 2895 tiber,
259 2832 336 2894 ,instit
347 2834 377 2882 de
391 2848 449 2897 pure
461 2847 516 2883 euru
525 2830 595 2897 Sytto
603 2832 653 2895 «gt.
691 2833 774 2884 Doet.
787 2835 859 2883 Feru.
880 2833 952 2882 Veri.

121 2913 213 2963 Vtuet.
724 2909 846 2973 Fagutar]
862 2909 978 2974 ASytte.
996 2910 1065 2961 Gtor.
1092 2908 1144 2960 Sed
1156 2922 1224 2960 nunc

155 2987 317 3038 Mithridaten
331 3002 384 3038 essu
399 2986 466 3051 detto
475 2987 505 3036 de
514 3002 653 3050 porregere
692 2983 826 3036 err-Africa
838 2984 927 3035 redux.
947 2986 1005 3038 ceu.

121 3063 207 3128 cepis]
226 3063 302 3114 Hanc
313 3064 461 3125 tectionem,
469 3064 520 3113 etsi
535 3063 561 3111 iu
573 3064 653 3113 omni·
726 3060 848 3111 Coroebus
876 3059 965 3125 Ciuuu]
997 3060 1057 3110 Cos.
1079 3074 1145 3112 anno
1165 3064 1223 3111 oct.

120 3140 172 3190 bus
190 3137 248 3189 fere
269 3139 334 3191 Edd.
351 3147 481 3190 serratam
496 3138 549 3190 fide
568 3140 651 3190 Codd.
691 3138 784 3188 Ftorus
795 3138 812 3186 1.
824 3150 920 3189 mlx.
945 3138 976 3187 L.
987 3137 1121 3187 Corneiins
1138 3135 1223 3187 Ciuua

120 3218 148 3267 8.
156 3217 192 3268 N.
202 3217 274 3267 ΒΛ..
286 3217 393 3269 (ὶῖ.οῐ
404 3217 485 3281 bugd.
495 3218 584 3268 Betl.
594 3221 618 3268 8.
628 3224 652 3270 6.
692 3215 750 3265 Coe.
761 3230 818 3264 cum
839 3215 886 3264 Cu
898 3213 1019 3276 Octavio,
1036 3214 1151 3278 proximo
1162 3219 1224 3277 post

120 3293 171 3343 uisi
182 3294 252 3358 quod
263 3294 288 3342 iu
296 3298 319 3343 1.
331 3295 415 3344 missu
425 3293 547 3359 proiarsit
558 3295 653 3359 reperi·
691 3292 803 3357 primum
816 3293 893 3357 Syrte
905 3293 1065 3342 consututuru
1076 3306 1153 3354 anuo,
1162 3305 1222 3342 cum

120 3377 193 3432 atur,
214 3377 243 3419 et
265 3371 361 3421 veteris
378 3370 479 3434 Viueti,
500 3371 653 3435 contempsi.
691 3361 851 3434 perniciosos
870 3371 940 3435 teges
961 3370 1069 3421 absente
1086 3369 1157 3434 Sylla
1175 3383 1224 3433 per

118 3446 242 3499 Jusserat
249 3448 317 3495 enirn
325 3447 490 3497 Mithridates
498 3445 652 3499 Archelaum
692 3447 743 3498 rim
756 3447 848 3510 ferret,
866 3448 952 3514 pulsus
969 3448 1033 3498 urbo
1049 3463 1065 3496 s
1080 3448 1128 3498 Cu.
1141 3446 1222 3497 Octa·

119 3539 178 3574 cunr
189 3524 263 3587 Sytta
281 3523 315 3573 de
332 3538 398 3588 pace
417 3539 503 3588 agere,
519 3531 548 3573 ut
562 3524 653 3574 metius
691 3526 734 3574 vio
757 3525 865 3589 college,
886 3539 945 3574 eum
967 3524 1082 3574 Sertorio
1108 3521 1222 3580 'tribuno

120 3600 200 3652 Oros.
215 3605 289 3650 rub.
306 3600 497 3652 ‘Perturbatus
516 3593 652 3653 Mithrida·
691 3600 762 3665 pleb.
783 3600 943 3666 imperioque
966 3599 990 3648 ei
1012 3598 1145 3662 derogato,
1165 3612 1223 3647 cor·

121 3685 172 3740 tes,
180 3690 229 3741 per
241 3675 498 3727 Arrhetaumdncem
510 3693 581 3728 sunm
593 3692 652 3729 curn
691 3683 795 3740 ruptum
816 3673 885 3739 App.
905 3673 1007 3724 Claudii
1029 3673 1172 3723 exercitum
1193 3673 1222 3724 iu

118 3753 193 3818 Spita
212 3754 245 3802 de
264 3768 329 3817 poce
346 3754 447 3818 pepigit
455 3754 472 3802 ε’
494 3761 522 3804 et
538 3753 652 3818 Appieu.
690 3758 848 3816 potestatem
863 3764 934 3801 suam
953 3750 1066 3813 redegit,
1081 3756 1109 3798 et
1124 3748 1223 3804 bellum

119 3830 153 3881 B.
163 3829 271 3880 him.
291 3828 395 3894 egregie
413 3836 535 3893 testator,
550 3830 652 3880 Mithri·
691 3828 750 3879 urbi
768 3827 867 3891 intulit,
883 3826 1010 3877 accersito
1024 3827 1054 3877 C.
1065 3817 1222 3880 Mario'cnm

117 3907 207 3958 datern
219 3905 349 3956 Archetuo
365 3906 508 3970 scripsisse,
519 3914 549 3957 ut
560 3920 652 3972 pacem
690 3904 746 3955 sliis
757 3902 877 3953 exulibus
886 3917 918 3952 ex
930 3901 1037 3951 Africo:
1054 3901 1099 3967 qui
1111 3909 1224 3968 temper·

118 3983 223 4035 faceret
250 3998 327 4047 quarn
353 3983 537 4032 honestissimis
563 3990 652 4047 posset
690 3982 745 4031 tire
756 3979 868 4044 opprimi
883 3979 1020 4043 potuisset,
1037 3978 1064 4027 ui
1077 3977 1223 4029 obstitisset

117 4059 318 4110 conditionibus.
339 4057 409 4112 Veri.
691 4058 740 4108 Cu.
751 4055 869 4119 Pompeii
880 4054 969 4105 Strab.
981 4054 1061 4116 t‘rans,
1073 4062 1101 4104 et
1115 4053 1222 4106 Octavii

151 4133 556 4197 Cue.i.1sterimeotenrpore]
583 4134 652 4185 Flor.
690 4133 824 4198 segnities.
868 4132 950 4182 Cinna
970 4131 1048 4196 igitur
1070 4138 1099 4182 et
1120 4129 1221 4182 Morino

116 4211 183 4261 tihro
205 4223 305 4278 mxu.
338 4210 426 4273 ‘Sytta
445 4211 531 4262 moitis
553 4210 651 4276 pretiis
690 4216 801 4277 quatuor
812 4208 981 4271 exercitibus,
992 4222 1101 4273 quorum
1118 4206 1168 4258 duo
1185 4201 1220 4261 0.

117 4281 357 4344 Ἠπιωωείᾱὶϋ
375 4285 444 4339 Gtor.
488 4343 491 4348 .
689 4287 846 4342 Sertorioct
863 4283 1035 4346 (lu-Carboni
1050 4283 1115 4352 dati,
1131 4279 1221 4352 nrberp
