2992 4875
615 405 701 460 ose.
724 401 777 462 ut.
1208 393 1253 467 m

147 549 213 618 etsi
235 550 464 637 sylbmgtus:
483 553 539 617 cui
552 549 653 621 'etiam
682 562 805 642 postca
828 575 985 622 assensus
1000 561 1053 624 'est
1066 545 1257 643 munaus}

150 656 377 741 suspicionem
403 655 523 740 injicit,
547 678 608 742 pro
634 657 735 724 Livio
759 658 844 725 forte
870 658 1007 725 Florum
1029 663 1254 746 reponendum

148 777 232 838 esse,
247 760 302 823 vel
315 761 428 842 ipsum
442 760 581 825 Snidam
602 763 763 827 memoria
778 763 910 845 lapsum
924 783 1062 841 errasse,
1078 765 1159 849 quia
1173 773 1253 832 con·

147 865 222 939 stet,
236 882 259 926 a
275 860 388 939 Floro,
409 881 477 926 non
499 859 543 926 ab
567 862 732 948 Eutropio
754 865 905 930 Livianae
920 866 1068 933 historiae
1087 857 1253 951 epitomen

147 963 271 1030 umam
282 984 373 1043 esse,
384 971 419 1030 et
431 972 595 1050 preterea
609 966 794 1053 Eutropius
808 987 876 1033 non
897 969 998 1049 Ltrit,
1010 969 1069 1035 sed
1085 967 1252 1040 &manse

17 1157 18 1162 ἵ
147 1067 307 1145 historiae,
336 1087 499 1133 summam
517 1071 732 1135 constrictam
757 1071 925 1149 exhibeat,
953 1092 1094 1158 eamque
1120 1075 1164 1139 ad
1188 1095 1254 1141 sua

148 1189 255 1255 nsque
278 1165 429 1255 tempora
450 1170 541 1236 ultra
562 1170 713 1240 Livianus
736 1172 885 1239 historiae
905 1177 1079 1241 terminum
1094 1176 1252 1244 deducat.

151 1273 251 1340 Forte
261 1281 377 1339 tamen
392 1273 454 1339 illa
467 1274 579 1338 retent
596 1282 741 1358 possunt
764 1275 807 1339 ad
830 1296 915 1356 eam,
942 1283 976 1343 et
993 1279 1126 1363 quidem
1143 1281 1254 1363 potio

149 1396 227 1455 rem,
241 1377 393 1443 mande
407 1383 547 1461 partem,
570 1395 673 1462 quam
693 1377 812 1442 livius
831 1378 1019 1466 descripsit.
1064 1379 1253 1450 Cenaeum
1286 1439 1290 1442 ,

17 1501 18 1504 =
151 1480 279 1562 passim
308 1479 345 1542 iu
366 1479 532 1544 umoribus
559 1479 660 1545 etiam
688 1481 876 1546 manifestis
906 1484 1081 1568 nequitum!
1129 1483 1255 1570 Neque

149 1588 259 1647 tamen
282 1600 383 1648 servo
408 1582 574 1667 obsequio
594 1583 649 1648 ssli
670 1582 748 1649 duci
777 1587 901 1669 paruit,
923 1585 985 1651 sed
1002 1588 1102 1653 rebus
1116 1588 1255 1655 aliunde

150 1684 346 1769 exploratis,
361 1684 417 1750 vel
430 1684 570 1751 fficium
591 1686 794 1752 testimoniis
809 1687 981 1768 adhibitis,
1001 1693 1046 1755 ab
1060 1691 1135 1776 ejus
1148 1693 1256 1757 rmu-

151 1786 380 1873 giisrecedit.1²
422 1788 515 1855 Hinc
536 1789 623 1855 forte
646 1790 782 1856 delusus
805 1789 849 1856 ad
877 1791 976 1857 devia
997 1793 1099 1866 fertur
1120 1797 1256 1863 msulae

151 1891 281 1977 passim
300 1887 432 1970 narrat,¹
450 1893 510 1957 ubi
534 1891 676 1958 rectiora
693 1893 796 1959 tradit
820 1893 952 1974 livium,
973 1915 1051 1981 quse
1064 1900 1166 1964 etiam
1181 1918 1256 1966 mo

151 1993 565 2072 ramentorumssmtorum
580 1996 759 2082 inprimis,
777 1997 842 2062 tide
857 2001 1125 2084 comprobantur.
1170 2001 1256 2083 Qut·

150 2097 292 2166 busdam
311 2099 556 2166 narrationibus
578 2119 686 2186 prava
714 2101 890 2182 admiscet,
918 2103 1001 2188 quis
1025 2105 1079 2170 rel
1109 2106 1256 2173 leviores

152 2209 309 2270 auctores
320 2206 456 2280 secutus
470 2208 534 2282 est,
551 2203 606 2268 rel
632 2204 818 2286 graviorum
832 2205 936 2272 verba
948 2206 1147 2289 affigentes
1158 2207 1254 2292 legit,

153 2312 208 2371 ant
222 2306 312 2372 maie
324 2305 504 2374 intellexit.
551 2305 607 2371 lta
619 2302 755 2384 narrat}
770 2304 943 2372 Gaesarem
956 2307 1010 2372 bis
1023 2309 1060 2372 iu
1073 2308 1257 2378 Germana

151 2410 238 2475 male
253 2427 438 2495 pugnasse,
453 2408 544 2494 quod
567 2409 671 2475 semel
699 2413 830 2475 tantum
854 2408 980 2476 sactum
1003 2416 1084 2476 erat
1127 2409 1186 2479 Sic
1209 2431 1256 2480 ex

153 2513 346 2599 Capitolino
369 2532 431 2598 pro
455 2511 633 2578 ministeriis
655 2533 733 2579 enm
759 2511 1102 2581 retulisse-uu'oistros¹
1122 2521 1258 2582 censent

150 2617 212 2682 viri
227 2616 334 2696 docti,
358 2617 417 2703 qui
431 2616 474 2681 de
493 2615 587 2682 mis
608 2617 720 2681 locum
742 2616 937 2700 intelligunt.
982 2614 1110 2680 Seruiom
1129 2616 1256 2697 tribuit,

151 2739 228 2805 qnae
243 2721 371 2786 rectius
386 2719 431 2784 de
449 2716 583 2784 fleam
600 2716 888 2787 commemoranda
900 2727 1001 2796 erant,
1016 2725 1050 2783 st
1062 2719 1113 2783 sic
1123 2719 1257 2802 passim

151 2822 230 2889 alibi
246 2824 315 2889 alia
328 2823 481 2888 imnrntat
493 2832 553 2888 ant
566 2824 685 2901 turbat,
698 2825 747 2889 nti
771 2842 814 2887 ex
841 2824 931 2887 nobs
952 2824 1113 2905 cognosci
1132 2828 1256 2905 potest

152 2926 236 2993 Sunt
251 2936 367 2992 tamen
379 2927 480 2992 etiam
494 2926 620 3012 aliqua,
640 2942 781 3011 quorum
795 2926 920 2990 ventas
935 2925 1011 2989 sola
1025 2923 1175 3008 Estnopii
1190 2924 1257 2991 tide

150 3030 277 3109 nititur,
288 3046 368 3095 cnm
377 3030 414 3094 in
427 3030 470 3095 its
484 3030 689 3108 sanctoribus,
704 3046 846 3114 quorum
869 3029 972 3093 libros
993 3028 1109 3093 melior
1123 3026 1258 3094 fortnas

152 3135 309 3212 servant,
325 3131 587 3217 nihilejusmodi
611 3132 750 3216 legatur.
796 3128 848 3196 Ex
873 3147 995 3214 magne
1016 3135 1127 3194 autem
1146 3147 1257 3195 rerum

153 3239 316 3323 congerie,
331 3256 416 3322 quas
429 3237 508 3301 tulit
530 3255 584 3300 res
606 3235 746 3320 publica
768 3235 935 3313 Romana,
948 3240 1048 3318 prum
1062 3234 1258 3317 postulabat

17 3404 18 3441 ἒ
154 3342 344 3427 scriptionis
358 3340 545 3417 consiiinm
560 3338 724 3429 delibavit
736 3339 884 3404 maxime
893 3336 1138 3415 memorabiles,
1151 3337 1259 3402 levio·

153 3446 257 3524 tibus,
276 3464 354 3530 qnos
370 3444 440 3528 ipsi
463 3443 664 3520 viderentur,
687 3441 861 3524 neglectis,
886 3442 950 3506 etsi
972 3446 1103 3526 poterat
1124 3441 1257 3525 aliquas

156 3548 199 3613 ad
216 3547 418 3614 maenis
433 3546 562 3642 ‚sedem
582 3547 707 3610 mouns
721 3544 952 3610 continendam
965 3545 1124 3622 intexere,
1138 3542 1206 3621 rel,
1221 3547 1260 3609 nt

156 3650 218 3715 sibi
244 3653 288 3716 ab
308 3651 401 3716 omni
420 3654 513 3734 parte
537 3648 710 3733 aequaliter
724 3653 900 3726 constaret,
917 3668 993 3713 cum
1008 3647 1083 3711 aliis
1104 3646 1257 3725 breviter,

17 3780 19 3861 ss
154 3754 358 3837 strictimqne
372 3753 540 3835 attingere.
583 3750 726 3816 Videtur
749 3758 863 3815 manen
887 3751 1085 3835 plerumque
1107 3748 1257 3816 consulto

17 4090 19 4099 r

17 4296 19 4343 l

17 4766 19 4807 l

651 3932 758 3984 NOTAE

188 4074 201 4101 θ
217 4066 257 4121 aa
267 4065 552 4131 Pnnttmtnpbmu
562 4066 598 4118 tn.
757 4062 765 4097 ¹
780 4062 822 4116 Cf.
832 4078 876 4115 ιιι.
887 4067 966 4127 aad.

189 4143 201 4177 ‘
212 4145 242 4195 ln
254 4142 409 4211 praetutium
419 4143 452 4193 sd
462 4144 628 4209 Eutropium.
758 4140 770 4175 ¹
788 4155 824 4193 ιι.
835 4138 902 4192 lat.

191 4220 302 4276 scau.
314 4226 338 4273 1.
349 4227 379 4273 et
390 4219 461 4273 mu.
618 4276 622 4283 ⁴
758 4217 898 4268 'arrasa

191 4296 205 4332 ¹·
220 4298 260 4350 cl.
272 4313 306 4352 ιι.
315 4302 375 4364 l,b.
392 4311 437 4348 ιιι.
447 4300 486 4349 lt.
502 4310 575 4349 1111.
591 4302 686 4365 t,8.-
758 4302 778 4330 ¹¹
795 4308 846 4346 ru.
862 4296 905 4345 1⁸.
