2992 4875
226 359 270 438 20
649 338 911 436 bresenono

225 521 434 596 eas-euentu»
448 540 605 607 premere,
631 542 710 606 quee
726 522 779 587 vel
792 522 968 588 infeliciter
991 524 1045 588 rel
1058 524 1195 608 turpiter
1212 545 1233 591 a
1256 523 1329 593 Ro·
1408 507 1410 510 ⁵

225 626 334 692 manis
356 630 460 710 gestae
482 631 588 702 erant,
612 627 715 690 veluti
737 626 899 692 Viriathi¹¹
913 646 1028 694 necem
1053 628 1263 695 consilioaut
1276 631 1329 694 in·

226 729 323 793 sidiis
341 728 515 813 Crepionis
540 730 711 807 intentam,
734 736 824 794 certe
846 732 906 795 ubi
933 739 1180 808 commemorat,
1206 734 1329 816 paucis

226 831 364 915 defungi
387 839 421 897 et
443 832 559 896 leviter
581 837 708 896 tautum
735 833 884 896 innuere⁰
909 833 1004 899 solet.
1049 833 1089 897 ln
1112 836 1180 898 illis
1205 843 1328 914 autem,

226 954 310 1021 quas
326 936 429 1014 affert,
445 942 628 1019 temporum
643 935 759 998 seriem
773 936 922 1018 sequitur
933 937 1009 1014 fere,
1026 943 1063 1001 ut
1076 938 1152 1020 ipse
1165 937 1329 1020 praedicat

224 1039 483 1125 inpraefaunne,
507 1039 570 1106 etsi
600 1036 701 1102 etiam
731 1036 886 1116 subinde,
911 1040 1058 1104 maxime
1081 1041 1140 1104 ubi
1161 1040 1335 1103 variorum·

208 1137 447 1221 'auctorume
471 1143 595 1226 qulbus
616 1160 678 1204 suu
700 1139 825 1218 hausit,
853 1140 985 1206 diversa
1008 1143 1246 1226 supputatione
1269 1141 1329 1206 de·

224 1255 342 1331 ceptus
356 1248 536 1312 oscitantes
558 1245 603 1312 ab
625 1243 690 1308 hac
715 1246 789 1326 lege
811 1244 972 1309 desciscit
992 1252 1249 1331 etpreepostera
1271 1264 1328 1311 ra-

223 1353 313 1420 tione
333 1352 479 1418 miscet..p
519 1348 577 1414 Ita
592 1347 746 1414 consules
769 1350 961 1432 praeponit,i
984 1352 1042 1433 qui
1060 1351 1222 1415 debebant
1246 1351 1328 1415 sub-

221 1455 463 1540 sequi,'eodem
476 1472 560 1518 anno
581 1461 712 1534 gestum
726 1452 852 1536 aliquid
869 1452 1033 1530 affirmat:
1046 1452 1135 1537 quud
1159 1452 1201 1516 ad
1219 1453 1327 1520 alium

221 1559 341 1624 melius
353 1558 510 1635 retulerit,
527 1576 588 1623 uec
602 1575 743 1640 semper,
766 1558 800 1620 iu
827 1558 943 1638 primis
970 1558 1032 1620 sub
1053 1557 1328 1639 imperatoribus,

222 1679 290 1747 quo
305 1662 419 1728 ordine
441 1661 573 1745 singula
597 1680 634 1724 se
657 1666 859 1748 exceperunt
873 1665 906 1724 et
920 1665 1203 1736 eonsecutasunt,
1218 1660 1326 1742 ponit,

221 1771 256 1834 et
269 1766 322 1830 vel
336 1785 413 1830 sero
426 1765 588 1848 appendit
599 1764 677 1841 alia,
697 1764 753 1829 vel
777 1765 890 1848 inepte
913 1763 1068 1828 obtrudit.
1114 1761 1153 1825 In
1181 1762 1325 1827 transitu

222 1875 333 1936 autem
348 1869 392 1934 ed
407 1888 461 1933 res
474 1868 683 1938 norasvarie
697 1868 784 1933 solet
793 1874 925 1951 tempus
938 1866 1097 1943 indicare,
1108 1864 1326 1949 formulisque

222 1974 374 2050 suis-uti,
394 1991 541 2057 quarum⁴
558 1979 672 2035 tamen
695 1970 818 2053 aliquae
842 1970 952 2034 laxius
968 1968 1095 2033 valent.
1140 1966 1197 2031 Ita
1221 1966 1327 2032 eodem

221 2086 355 2161 tempere
380 2075 509 2140 sactum
533 2073 661 2159 aliquid
678 2074 819 2150 scribit,⁸
839 2073 898 2138 ubi
920 2071 978 2137 alii
1002 2073 1132 2156 aliquot
1152 2091 1324 2151 annorum,

221 2180 325 2256 veluti
338 2177 462 2257 bienii,t
485 2184 543 2243 eut
568 2178 725 2261 pluriumu
743 2196 903 2241 annorum
924 2176 1069 2260 spatium
1085 2177 1322 2260 interponunt.

221 2280 331 2350 subu
340 2291 411 2365 poet
436 2303 505 2345 eum
529 2282 632 2345 latius
651 2280 745 2360 dicit,
768 2280 857 2363 qnod
874 2279 916 2344 ad
932 2281 1119 2363 proximum
1146 2298 1325 2345 successo·

220 2386 386 2453 summale
401 2385 528 2469 uliquis
541 2385 699 2462 retulerit,
714 2391 748 2450 et
762 2383 971 2469 Verheylriue
995 2383 1050 2449 vel
1071 2404 1115 2468 ex
1139 2383 1262 2449 lacuna
1283 2384 1325 2450 li·

220 2489 403 2554 brariorum
415 2488 499 2553 vitiu
513 2493 596 2565 orta,
610 2488 665 2552 vel
675 2508 720 2551 ex
737 2507 843 2571 prave
863 2486 1017 2570 Eutropii
1037 2488 1198 2571 opinione
1213 2487 1324 2572 expli-

220 2592 365 2663 candum
380 2598 484 2675 putet,
531 2589 598 2654 Sed
618 2595 651 2653 et
662 2591 710 2653 ita
724 2589 760 2652 in
773 2589 891 2655 eudem
905 2591 981 2654 loco
996 2591 1098 2672 paulo
1116 2590 1252 2674 quidem
1273 2591 1324 2655 in·

217 2692 321 2759 terius
336 2696 479 2778 ponitur,
493 2698 526 2758 et
545 2694 625 2776 poni
647 2697 770 2775 potest,
791 2697 827 2758 ut
847 2692 1021 2775 praeteritis
1045 2692 1099 2770 iis,
1124 2711 1202 2776 quae
1224 2693 1324 2758 iuter·

215 2797 309 2881 jecta
322 2802 426 2872 eraut,
444 2794 654 2859 festinantius
669 2793 712 2857 ad
727 2794 935 2875 superiorum
949 2794 1089 2872 exitum,
1105 2796 1157 2859 vel
1173 2795 1217 2859 ad
1231 2793 1324 2859 simi·

218 2901 298 2965 lium
314 2916 500 2964 connexum
514 2895 681 2960 deducet·
715 2894 785 2959 Ubi
807 2896 883 2978 ipse
901 2901 1033 2978 tempus
1047 2896 1093 2959 rei
1109 2902 1212 2978 gestes
1228 2898 1324 2980 iguo·

217 3019 312 3068 rasse
336 3001 485 3078 videtur,
500 3000 554 3064 vel
578 2998 714 3063 omnino
741 3001 870 3061 tantum
898 3015 944 3060 ex
974 2996 1218 3081 adjunctarum·
1232 3020 1324 3066 com-

217 3104 454 3167 memoratione
483 3107 597 3165 notare
625 3100 747 3177 voluit,
777 3098 887 3163 dicere
920 3100 1004 3165 solet
1027 3122 1088 3186 per
1115 3100 1150 3164 id
1179 3111 1324 3188 tempus.l

218 3212 386 3279 Usltutius
412 3218 523 3276 tamen
546 3212 633 3275 banc
657 3211 747 3275 vlam
769 3211 904 3291 insistit,
927 3218 966 3277 ut
986 3215 1050 3277 sub
1070 3215 1205 3296 regibus
1218 3220 1324 3297 *gesta

216 3315 442 3398 descriptione
467 3315 625 3398 temporis
647 3315 776 3377 omissa
796 3333 862 3377 uno
881 3316 1010 3382 ambitu
1024 3319 1214 3383 summatim
1229 3337 1322 3383 com-

218 3418 397 3502 plectetur,
413 3422 501 3501 post,
516 3418 558 3481 iis
585 3414 728 3494 exactis,
745 3414 825 3479 dum
842 3416 950 3499 libera
968 3419 1074 3502 viguit
1096 3439 1150 3485 res
1171 3420 1328 3505 publice,

217 3520 261 3587 ad
274 3539 392 3599 necem
406 3539 511 3604 usque
524 3518 610 3585 Julii
620 3518 782 3599 Caesaris,
798 3541 903 3586 unnoe
925 3522 981 3587 vel
1005 3542 1026 3587 a
1046 3520 1246 3589 Consulibus
1263 3525 1322 3590 de·

711 3756 817 3808 NOTAE
942 3782 947 3791 ·

248 3914 261 3940 ²
278 3919 317 3956 ιιι.
334 3909 422 3955 111-ο
438 3904 500 3957 vid.
513 3919 544 3956 ιι.
560 3910 587 3971 9,
598 3912 640 3959 2⁰.
821 3910 830 3941 i
846 3908 975 3959 rr.11.iu.

247 3981 317 4035 bct.
328 3986 362 4036 ad
371 3996 409 4034 ιι.
419 3989 443 4034 9.
453 3985 489 4035 in.
820 3993 886 4037 'vn
910 3989 948 4036 11.
976 3982 1020 4033 sic
1039 3982 1181 4047 interjectu
1211 3982 1320 4050 omittit,

246 4069 314 4112 tre.
335 4065 377 4111 21.
406 4061 443 4110 in.
477 4062 645 4127 Praeponern
667 4063 747 4115 eliam
789 4067 958 4125 extremaque
970 4060 1043 4125 peult
1052 4059 1125 4111 ¹alibi.
1136 4057 1179 4111 Ct‘.
1192 4073 1215 4110 v.
1226 4065 1252 4109 8.

215 4136 307 4188 ordine
322 4153 364 4189 res
376 4144 465 4190 narrat
476 4152 500 4189 v.
516 4143 541 4190 Β.
820 4145 833 4171 ¹
850 4152 888 4188 ιν.
905 4141 946 4188 lt.

245 4222 256 4248 ¹
272 4228 317 4266 ιιι.
331 4219 357 4267 7.
649 4216 651 4221 “
819 4222 830 4257 r
847 4214 908 4267 vid.
920 4230 958 4267 rr.
969 4221 1010 4268 11.
1026 4216 1062 4268 ἰιι.
1075 4230 1103 4268 x.
1114 4221 1139 4269 4.
1156 4216 1193 4268 ἰιι.
1204 4228 1247 4268 rx.
1259 4221 1300 4270 21.

246 4297 339 4344 ¹rr.9.
637 4314 641 4321 ·
831 4316 835 4325 ·
907 4314 910 4323 ·
996 4316 1001 4325 ·
