2992 4875
348 302 527 358 annitar.
550 306 648 358 uror.
671 307 764 360 nors.
787 308 860 359 nra.
876 310 928 359 vr.
949 309 1033 360 ose.
1048 293 1103 361 18.
1209 294 1281 363 tou

167 451 228 503 iis.
238 451 363 502 loettttti.
374 464 464 502 coron.
483 452 553 502 Gisr.
743 452 828 504 reteri
839 453 915 504 libro.
935 454 978 504 slii
991 466 1107 507 nexorx.
1123 453 1170 506 set
1185 466 1276 504 eornm

181 536 186 547 ¹
204 531 383 592 Gsrsssssspse
392 534 461 577 trass
471 527 589 590 Mis]
607 528 705 578 Eodem
743 530 864 580 mentium
877 531 969 594 arguit,
986 531 1055 597 qunti
1067 533 1136 583 iniat
1147 531 1176 581 C.
1188 532 1276 581 earu-

167 618 239 655 anuo
250 606 278 653 iu
290 605 455 654 Germaniam
470 605 550 667 venit,
561 617 643 654 xvrrt.
652 619 706 654 onr-
743 605 780 654 ris
791 619 848 654 curn
861 606 899 655 M.
911 607 1015 669 Bibulo,
1031 615 1059 658 et
1075 608 1161 658 Marci
1180 606 1275 657 licinii

167 683 233 731 nino
242 681 299 730 dies
306 690 490 730 commoratus.
497 682 619 743 Pontem,
629 696 704 747 quent
743 694 801 729 cunr
812 680 885 731 Cneo
897 680 1023 745 Pompeio
1035 684 1213 742 Consulatum,
1230 697 1276 732 an·

167 757 274 807 iecerat
295 772 343 820 per
371 758 497 819 Rhenum,
522 758 637 820 rescidit,
657 758 705 808 sed
742 770 805 805 num
813 771 889 806 unum
899 757 1027 808 duntaxat
1037 766 1210 823 ponant‚cum
1221 763 1277 810 iret

167 835 268 884 sniisnr
290 848 403 899 pugnarn
426 834 452 883 ln
472 835 612 884 Germania
632 832 704 884 fecit.
743 833 869 883 interesse
880 833 978 897 liquido
992 841 1105 885 constet.
1139 835 1277 887 Praeterea

168 912 243 961 Glsr.
553 930 561 941 ·
741 922 863 958 numerus
874 910 917 959 ille
928 923 1040 960 ncxcrx.
1059 926 1117 961 euni
1130 918 1277 962 nostrorum

176 1002 177 1007 ¹
203 986 318 1035 Iriertoi
329 984 459 1048 messus]
487 984 632 1035 Sueton.in
649 984 704 1041 Car·
743 986 963 1049 chronologorum
984 988 1276 1052 rationibusconvenit,

165 1076 239 1124 sare,
250 1063 293 1112 tit.
307 1066 351 1112 15.
366 1064 375 1091 ‘
387 1061 441 1112 Per
451 1068 490 1112 tot
500 1076 643 1124 snccessns,
655 1070 704 1125 ter,
742 1061 811 1127 qnod
824 1076 874 1111 nun
887 1062 975 1127 debet,
985 1063 1063 1114 sicuti
1074 1079 1152 1128 snpra
1162 1079 1209 1115 nos
1220 1078 1277 1116 rno-

166 1138 350 1202 rseeansplins,
361 1137 497 1187 advorsum
514 1151 601 1187 easurn
612 1151 705 1201 exper-
742 1138 853 1188 unimus.
874 1138 952 1188 Viret.

166 1221 224 1265 tus.
257 1212 449 1263 Inlirittannis
466 1213 705 1277 classeriternpas·
776 1214 902 1278 noxam]
919 1214 971 1265 Hic
994 1216 1127 1266 nobiscum
1143 1217 1275 1271 contenit.

167 1289 235 1340 tatis
247 1302 329 1353 prope
342 1288 487 1353 absumpta,
497 1297 526 1339 et
536 1289 561 1338 in
573 1290 661 1340 Gallia
671 1289 704 1339 atl
744 1290 814 1340 Glur.
841 1292 923 1341 Recte
941 1290 983 1340 hie
1003 1306 1126 1342 annornm
1141 1304 1277 1357 compnta-

166 1364 328 1428 Gergoviuu
340 1364 443 1428 legione
453 1363 519 1428 fusa,
529 1373 556 1415 et
567 1366 593 1415 in
605 1367 704 1417 Eburo·
742 1368 839 1419 tionem
851 1369 989 1419 emendant
1005 1370 1061 1418 Viri
1073 1370 1108 1420 D.
1120 1384 1276 1436 quamquam

166 1457 233 1493 num
255 1441 351 1490 tinibna
370 1441 470 1491 Titurio
493 1450 522 1491 et
544 1440 705 1492 Arnncnleio
742 1463 873 1511 numerus,
892 1464 966 1514 quern
994 1463 1134 1513 servamus,
1154 1449 1278 1514 Eutropii

165 1518 266 1582 1088111
275 1531 324 1581 W
333 1517 441 1567 in⁸ldl⁸⁸
451 1519 544 1568 wit!
567 1518 633 1569 ΗΕΒ
643 1521 704 1568 81¹0·
742 1526 841 1576 calculo
852 1525 984 1585 convenit,
991 1538 1076 1589 neque
1088 1526 1156 1575 nllus
1165 1540 1181 1575 s
1191 1525 1276 1577 cudda

166 1595 268 1656 tonius,
278 1595 353 1658 longe
361 1596 456 1645 rectius
464 1610 539 1660 quam
549 1596 703 1660 Eutropius:
742 1601 837 1650 nostris
848 1615 923 1652 secus
934 1599 1037 1665 leguntii
1057 1614 1147 1651 annam
1164 1600 1276 1666 praebet.

166 1672 221 1722 sisi
235 1671 279 1721 rili
290 1672 370 1720 etiarn
390 1671 559 1732 obtinuerint,
575 1671 704 1724 Caesarem
746 1677 864 1742 Verieyk,

166 1749 196 1798 in
217 1745 358 1796 Germania
382 1748 448 1796 nrale
472 1761 609 1811 pnpnssse.
641 1747 704 1811 lpse
776 1753 929 1805 Mucium
942 1753 1163 1817 emmam]
1184 1753 1275 1804 rioms

166 1831 248 1877 terte
259 1838 310 1874 Μ
319 1822 444 1873 meminit-
460 1823 532 1872 Gltr·
741 1833 786 1882 lib.
797 1846 841 1883 ιιι.
854 1832 971 1883 Adversa
982 1840 1011 1882 et
1022 1831 1080 1881 Diis
1092 1838 1120 1883 st
1130 1831 1276 1882 bominibus

195 1902 269 1966 ΑΜ
277 1898 408 1962 Am]
419 1898 703 1963 Ad⁰Pt2=G0¹8⁰Vl⁸¹¹b
742 1908 872 1973 cupiditas
890 1908 1002 1958 consulis
1023 1908 1116 1971 Crassi,
1133 1908 1193 1957 duna
1212 1906 1277 1957 Par·

170 1977 244 2027 Gloe·
275 1977 381 2027 Sumn-
404 1991 460 2041 wil·
482 1981 524 2026 2⁵·
540 1975 591 2025 ‘⁸1¹
606 1976 704 2041 09180·
741 1984 811 2034 tlriuo
819 1984 902 2035 initiat
913 1997 985 2045 auro,
997 1990 1084 2047 strage
1095 1982 1276 2048 thiegionutn

167 2057 241 2107 risui
254 2056 358 2120 logione
368 2055 443 2106 fusa!
461 2056 523 2105 Geli.
741 2067 770 2111 et
781 2061 862 2126 ipsius
873 2062 960 2124 sapite
970 2061 1081 2110 multata
1091 2068 1139 2124 est,
1150 2060 1219 2125 quod
1231 2061 1277 2112 tri·

204 2132 378 2182 inum
389 2130 437 2195 bis]
464 2131 608 2194 Suspectus
625 2131 705 2180 lotos.
742 2137 803 2187 bun.
823 2138 895 2202 pleb.
917 2136 1020 2186 litteius
1030 2143 1169 2186 exeuntem
1182 2136 1276 2188 ducens

168 2209 242 2260 Natu
250 2209 283 2260 Q.
293 2207 411 2259 Titurius
421 2206 531 2257 Sabinus
543 2213 571 2258 et
583 2208 613 2257 L.
626 2207 706 2256 Cotta
742 2213 879 2263 bostilibos
902 2213 965 2261 diris
976 2210 1126 2276 devoverat,
1137 2225 1205 2262 utero
1223 2226 1276 2262 uns

168 2284 362 2334 Aurunculeius
389 2283 470 2347 legati
496 2298 549 2333 uus
575 2281 650 2333 clade
677 2282 705 2331 in
742 2305 801 2341 cum
821 2288 875 2339 tilio
891 2290 993 2339 Crasso.
1021 2287 1108 2351 Capiti
1119 2287 1174 2351 ejus
1186 2302 1276 2353 ampo.

169 2364 337 2415 Eberonibus
357 2362 498 2428 (‘quorurn
517 2376 578 2426 pars
595 2362 705 2411 maxims
742 2364 922 2415 tatuiniusnm
934 2372 974 2414 est
987 2378 1085 2426 surum,
1103 2364 1276 2415 incontuma-

168 2441 243 2494 intu·
259 2441 361 2490 Mossnr
371 2449 400 2490 et
409 2440 544 2500 libenurn‚’
558 2439 704 2490 casuali.
742 2444 813 2505 liam,
824 2442 978 2492 stararitise
990 2441 1124 2491 ultionem.
1144 2441 1213 2493 Glnr.

169 2529 199 2568 v.
217 2523 260 2568 tt.
278 2516 317 2581 t.)
334 2517 476 2579 perierunt.
503 2517 571 2566 Caes.
591 2514 637 2565 cit.
657 2514 703 2564 lib.
775 2519 806 2568 Is
829 2515 958 2569 Cominio
984 2517 1095 2581 sensio]
1130 2516 1274 2584 Utriusque

169 2608 231 2657 cap.
253 2597 295 2644 ³⁷.
324 2594 384 2643 crit.
429 2591 575 2642 Annututio
600 2591 704 2640 Ceiisrii
742 2597 851 2647 seilicet.
870 2597 940 2646 Giar.

170 2670 205 2721 ad
217 2670 381 2719 bruciorum
392 2668 545 2731 corrigentia
555 2675 604 2717 est.
630 2667 705 2718 Seili-
776 2674 865 2723 Contra
877 2670 1130 2734 pantomimum]
1152 2670 1274 2722 Crassum

170 2746 368 2811 oetliutropius
387 2761 435 2810 per
457 2746 493 2795 bis
512 2759 563 2795 nun
575 2742 705 2808 significat
742 2759 833 2799 contra
854 2749 964 2798 Pnrtbos
975 2762 1026 2797 non
1037 2748 1151 2808 missum,
1171 2747 1216 2797 sed
1229 2761 1274 2813 pa·

168 2826 261 2879 claues
272 2826 346 2891 duas,
363 2826 471 2876 aiteram
484 2825 586 2888 Titurii,
595 2823 704 2873 altersnr
741 2826 827 2876 eunius
837 2833 864 2876 et
874 2826 963 2889 gloriae
980 2824 1123 2889 cupiditate
1135 2822 1278 2876 inflamma·

170 2904 353 2967 Aurunculsii,
373 2904 418 2954 soil
441 2905 532 2953 borum
550 2903 636 2966 potius
653 2901 705 2952 cia·
742 2909 798 2952 tom
819 2900 898 2972 fuisse
924 2902 957 2951 sd
986 2902 1082 2951 bellurn
1110 2901 1274 2963 Parthicum,

171 2978 704 3044 osuramovet,neeiutertnteticeaCa-
741 2986 815 3029 reeta
836 2994 870 3029 ex
892 2979 964 3029 Plut.
986 2987 1014 3030 et
1040 2978 1134 3030 Vellei.
1153 2978 1277 3030 observat

171 3059 238 3110 saris
260 3072 360 3123 pugnas
378 3054 577 3106 enumerandam
607 3061 705 3116 censet,
742 3055 915 3107 (iruuenvir
930 3057 970 3107 Cl.
1016 3053 1238 3106 ConfirmsutDio
1248 3071 1276 3121 p.

170 3137 269 3203 qnippe
288 3150 348 3200 quae
359 3149 410 3184 non
422 3147 484 3184 vers
494 3146 590 3196 pugna,
607 3130 651 3180 seii
663 3144 704 3179 su·
742 3134 799 3188 lii.
811 3130 922 3196 Appian.
934 3131 962 3181 in
973 3131 1062 3182 Partb.
1081 3146 1108 3196 p.
1128 3136 1185 3182 219.
1205 3133 1277 3184 Flor.

171 3214 244 3263 bitus
257 3227 304 3276 per
317 3209 639 3273 insidissfaetusirnpetus
650 3204 706 3256 lne-
742 3221 786 3258 ru.
804 3212 845 3259 11.
868 3208 945 3259 Oros.
965 3223 1003 3258 vr.
1024 3214 1063 3260 rt.
1086 3208 1155 3274 Vitis
1167 3209 1277 3274 singulis

171 3290 216 3340 rit.
233 3289 323 3339 Hm.
357 3288 409 3337 Ubi
421 3284 568 3349 igitnrbisl
585 3284 705 3345 ‘Eutrop
742 3284 961 3336 iocisConanrent.
981 3284 1100 3349 Verbeplr.

171 3366 294 3417 escwi
304 3365 403 3428 nequit.
420 3362 487 3413 Han.
776 3359 876 3423 cmo]
887 3361 1082 3424 Mesopotamiis
1092 3359 1191 3410 orbern.
1203 3359 1275 3413 Glor.

206 3443 267 3506 nu]
284 3445 368 3493 tom
377 3449 524 3506 suspectos.
540 3439 625 3489 Semel
636 3438 705 3488 enim
777 3439 867 3488 costra
877 3438 967 3501 ossius]
984 3438 1040 3488 Iuro
1051 3443 1142 3487 oootrn
1152 3436 1276 3489 Tribuno-

170 3529 275 3573 tanturn
302 3520 329 3569 in
351 3518 493 3571 Germania
509 3518 644 3567 adversum
662 3531 705 3566 ea·
743 3514 1071 3578 rompiebisroluntatem.
1090 3514 1161 3562 Giur.

171 3612 228 3649 snus
246 3603 385 3662 aponum
415 3608 471 3644 esse
495 3593 581 3644 innuit
598 3592 705 3643 Sueton.
777 3592 867 3642 Contra
881 3590 959 3642 osrisn
974 3596 998 3641 et
1015 3588 1133 3654 amictu]
1160 3588 1277 3642 Primum

171 3674 268 3727 unm
565 3701 571 3718 .
743 3666 807 3718 diris
819 3667 928 3717 devotus
939 3666 973 3716 ab
984 3665 1076 3717 Atteio
1090 3664 1150 3716 trib.
1160 3665 1197 3729 pl.
1207 3664 1276 3729 quoti

205 3750 295 3811 laeputs'
317 3748 380 3812 ejas]
412 3747 480 3797 Vide
509 3746 577 3795 css.
603 3742 649 3795 lib.
678 3755 706 3795 r.
742 3742 877 3794 foderatis
897 3741 1016 3806 gentibus
1034 3741 1130 3793 bellurn
1142 3747 1278 3794 moveretr

172 3826 246 3876 Gir.
744 3819 839 3870 deinde
851 3818 876 3867 in
887 3819 976 3870 limine
995 3819 1084 3882 tempii
1100 3817 1277 3881 Hierapolita-

206 3902 242 3950 fis
252 3896 412 3960 amm]
427 3895 585 3948 Vetnsliber
595 3895 707 3946 additui
742 3896 770 3945 ni
789 3902 899 3960 uterque
920 3895 1037 3956 Crassus,
1058 3903 1136 3957 pater
1152 3900 1180 3943 et
1196 3892 1275 3958 tilius,

171 3976 290 4041 appellat
310 3972 502 4024 Arounuleiurn.
535 3972 579 4024 Ita
595 3972 621 4022 iu
634 3973 708 4023 Cona-
743 3970 850 4035 collapsi
870 3977 938 4022 snut.
971 3970 1054 4020 Porro
1064 3967 1193 4019 incisim
1202 3975 1276 4023 rates

170 4051 308 4103 assumtis
332 4049 454 4111 Caessris,
473 4056 500 4099 et
522 4048 629 4100 Liviana
646 4049 707 4114 Epi·
743 4049 771 4098 ln
790 4047 864 4112 Syria
879 4046 1077 4109 nunciaverunt,
1095 4045 1122 4094 id
1133 4050 1184 4109 ost,
1194 4045 1277 4099 tristis

172 4124 550 4190 meltuncnleinslegitur.
578 4126 657 4176 Visst.
743 4122 846 4174 stom
864 4121 1005 4188 significari.
1038 4122 1103 4172 Cnnr
1115 4121 1275 4185 Euphratem

205 4205 275 4262 cnr.
288 4206 329 4255 tu.
347 4202 456 4254 Condito
466 4201 600 4269 noxcrrn]
623 4201 667 4253 sic
678 4201 706 4253 in
745 4196 891 4264 trsjineret,
908 4211 991 4264 equus
1007 4197 1145 4262 pretorius
1156 4198 1184 4250 in
1195 4212 1276 4266 aquus
