2992 4875
580 381 650 434 ΟΠ
683 381 736 432 lv,

564 644 669 714 CAP.
691 646 757 714 lv.
840 665 843 668 ·

406 824 457 872 DE
481 824 690 875 RELIGIONE
715 825 907 878 nuraorrl.

142 992 409 1059 Arrrncnrtoa
424 993 558 1058 videtur
573 992 729 1079 quaestio,
750 1014 828 1078 quae
845 994 928 1058 olim
939 994 1057 1078 viguit,
1074 994 1115 1061 de
1132 993 1210 1061 reli·

104 1099 197 1183 giam
213 1096 389 1180 Eutropii.
427 1096 584 1162 'Fuerunt
597 1096 696 1175 enim,
713 1097 773 1181 qui
794 1095 1020 1163 Christianum
1045 1099 1139 1165 illum
1159 1100 1211 1165 fu·

104 1202 165 1265 isse
177 1206 372 1277 censerent,
386 1199 521 1264 adducti
540 1201 574 1263 in
590 1219 664 1264 eam
679 1202 870 1286 opinionem
888 1202 942 1268 his
957 1203 1029 1289 ejus
1044 1204 1155 1268 verbis
1170 1205 1212 1270 dc

3 1301 4 1356 3
104 1304 239 1370 tuliano
251 1311 275 1368 ι·
295 1295 321 1336 '‘
336 1302 504 1386 religionis
529 1300 728 1368 Christianae
757 1305 952 1384 insectator,
987 1305 1127 1389 perinde
1161 1311 1213 1373 ta·

3 1409 4 1500 j
105 1429 186 1486 men,
203 1413 246 1472 ut
260 1395 381 1471 cruore
401 1402 604 1471 abstineret?
648 1403 784 1484 Quibus
806 1408 942 1490 quidem
962 1406 1080 1473 fortius
1103 1410 1214 1475 nitun-

104 1513 188 1578 turii
212 1512 378 1589 maxime,
397 1513 454 1595 qui
477 1511 590 1595 legunt
614 1512 938 1590 nimius...iasectutor,
962 1515 1009 1579 uti
1023 1515 1126 1579 etiam
1143 1535 1214 1581 mo·

105 1618 171 1682 nuit
186 1610 424 1680 Iarmbacius.b
466 1612 534 1678 Sed
551 1616 599 1679 ita
614 1622 650 1679 et
671 1615 828 1698 gentilem
848 1617 1012 1683 homiuem
1029 1625 1120 1683 recte
1135 1618 1215 1684 scri·

105 1719 177 1784 bere
187 1717 355 1805 potuisse,
366 1718 400 1780 iu
412 1717 556 1782 confinio
565 1719 711 1783 maxime
723 1720 876 1785 clarioris
886 1722 973 1786 lucis
984 1723 1213 1800 constitutum,

3 1861 5 1890 r
106 1829 138 1886 et
150 1822 355 1887 christiane
371 1820 530 1887 doctrinae
544 1822 687 1887 veritate
702 1843 909 1906 percussum,
924 1826 1001 1909 quis
1015 1845 1078 1890 non
1092 1824 1221 1910 intelli-¹

3 1953 4 1978 ;
108 1926 171 2009 gitl
196 1924 267 2004 Ita,
283 1925 348 1989 etsi
374 1945 556 2009 suppresso
574 1926 707 1990 nomine
731 1924 871 2006 Juliaui,
886 1929 1086 1994 vexationes
1102 1936 1215 2013 aperte

3 2017 4 2020 ¹
108 2031 212 2114 tangit
226 2029 456 2106 ThemistiuS,⁶
470 2048 569 2114 quem
584 2048 696 2092 omnes
711 2030 865 2112 gentilem
880 2030 986 2094 fuisse
1007 2031 1130 2096 sciunt.
1167 2030 1217 2095 At

109 2130 239 2197 fuerunt
259 2129 330 2194 fere
354 2131 404 2195 illi
428 2131 577 2214 opinioni
606 2129 746 2208 addicti,
777 2132 835 2216 qui
860 2140 1011 2198 nostrum
1037 2130 1217 2218 Augustini

3 2285 4 2288 ,
111 2233 315 2319 discipulum
341 2233 524 2309 credidere,
552 2233 640 2297 male
668 2239 819 2319 tempora
847 2235 1026 2313 turbantes,
1052 2241 1218 2319 utsupra

3 2355 4 2360 ¹
110 2336 219 2403 docui.
268 2333 372 2414 Quod
386 2355 466 2399 vero
480 2336 620 2401 affirmat
635 2334 811 2415 Vossius,d
825 2339 858 2401 in
878 2357 956 2403 eum
979 2358 1123 2404 errorem
1147 2357 1218 2402 om·

109 2459 165 2505 nes
190 2439 335 2524 impulsi
358 2444 445 2518 sunt,
472 2439 563 2523 quod
589 2438 798 2505 Gennadius·
818 2439 1023 2526 Eutropium
1048 2450 1217 2520 memoret,

110 2544 165 2626 qni
180 2541 359 2626 scripserit
371 2540 457 2606 duas
471 2540 635 2625 epistolas
651 2542 893 2607 consolatorias
914 2543 957 2608 ad
981 2543 1065 2609 duas
1088 2562 1218 2608 sorores

112 2645 151 2709 ob
164 2644 359 2728 religionem
373 2640 594 2708 Christianam
615 2663 637 2708 a
659 2644 851 2728 parentibus
864 2645 1103 2711 exhaeredatas.
1148 2643 1219 2710 Sed

110 2747 226 2812 eodem
243 2765 374 2813 suruma
388 2745 627 2830 disputationis
640 2746 734 2811 redit.
780 2745 974 2812 Gennadius
993 2746 1081 2810 enim
1097 2744 1226 2811 Eum..

111 2850 202 2933 pium
230 2849 329 2914 illum
358 2843 599 2934 presbyterum‘
631 2854 742 2929 vocat,
767 2855 801 2914 et
832 2849 910 2915 hinc
936 2850 980 2915 ad
1009 2842 1227 2916 Gennadium

112 2958 199 3017 recte
215 2953 290 3039 jam
310 2951 441 3015 monuit
462 2948 633 3016 Aubertus
654 2950 811 3031 Miraeus,
827 2950 1006 3037 Augustini
1024 2974 1099 3017 eum
1117 2952 1221 3018 disci-

4 3130 5 3145 ,
114 3056 226 3139 pulum
240 3054 424 3120 malacum
447 3055 606 3119 breviarii
629 3056 789 3141 scriptore
809 3056 976 3122 confundi.
1022 3055 1149 3121 Contra
1163 3054 1221 3120 alii

4 3210 5 3219 ,
117 3176 160 3222 ex
181 3158 340 3224 laudibus
363 3157 507 3224 tuliani*
529 3160 686 3241 gentilem
711 3180 786 3224 eum
810 3160 917 3229 fuisse
946 3157 1163 3237 contendunt,
1186 3159 1222 3223 in

117 3260 230 3343 primis
253 3283 332 3328 cum
357 3263 432 3329 haec
452 3263 558 3327 verba
581 3262 761 3348 subjiciat:
785 3262 959 3329 ‘Fuerunt
977 3283 1042 3327 non
1056 3262 1148 3340 nulli,
1164 3262 1222 3347 qni

4 3348 6 3445 Ι
118 3362 248 3430 vulnera
260 3364 378 3448 morian
393 3364 467 3450 ejus
482 3363 660 3429 inferrent!
690 3364 768 3430 Hos
782 3365 869 3430 enim
884 3365 1093 3431 Christianos
1107 3363 1222 3442 fuisse,

4 3480 6 3579 Ι
120 3480 177 3531 nec
200 3467 235 3533 iu
258 3466 536 3559 laudessuliani,
549 3468 616 3534 nisi
641 3469 808 3553 gentilem,
824 3489 865 3535 ea
887 3468 1052 3537 effundero
1074 3466 1222 3554 potuisse

617 3694 724 3747 NOTAE

153 3827 203 3876 ⁸1.
213 3829 253 3877 lo.
265 3823 287 3877 t'.
513 3840 520 3849 ·
690 3842 721 3878 ea
742 3831 802 3878 aa.

4 3946 5 3967 ἶ
153 3897 235 3955 *αἱ
252 3901 290 3955 ct.
300 3901 382 3954 etim
399 3906 491 3953 notata
509 3900 545 3953 ad
555 3903 650 3955 Eutro-
721 3841 740 3936 ξ
747 3902 882 3955 Fabricius
895 3901 999 3969 quidem
1010 3914 1046 3966 p.
1058 3902 1114 3951 ua.
1131 3896 1164 3949 de
1173 3896 1225 3948 rn-

4 3992 6 4015 ³
126 3974 235 4038 l’fllllffl
248 3981 347 4032 loun·
692 3982 778 4047 tropio
796 3980 953 4046 presbytero
975 3979 1055 4028 eiiam
1079 3975 1225 4026 Honorinum

154 4057 164 4089 ⁸
178 4053 208 4105 lo
217 4062 282 4107 orat.
299 4067 345 4106 ιιι.
362 4053 390 4104 in
401 4054 502 4105 landem
510 4054 614 4108 luviani
624 4070 651 4121 p.
690 4057 925 4123 Augustodunum.
935 4056 969 4109 de
980 4058 1118 4122 scriptore
1127 4053 1224 4106 eccles.

127 4136 205 4183 tw.
691 4137 894 4200 11.4⁹.allegat.

155 4208 220 4263 ‘lte
230 4212 363 4264 historicis
375 4210 475 4263 latinis
487 4226 518 4263 ιι.
529 4216 554 4263 8.
726 4218 835 4281 salt.

157 4286 212 4339 01·
231 4291 355 4356 catalogo
374 4282 514 4342 mmmm
529 4288 653 4342 'virorum
