2992 4875
588 409 670 464 cte.
697 413 776 463 titt.
802 409 806 420 '

565 673 669 738 GAP.
691 676 798 743 Vlll.

404 845 455 892 DE
479 846 746 896 Aucioutrsi’ss
773 802 963 897 EUTllOl'll.

178 959 360 1028 Eureorn
378 964 549 1029 historiam
563 966 598 1029 in
612 986 734 1050 magno
756 969 836 1034 olim
853 970 976 1034 honore
995 970 1142 1036 habitem
1158 972 1233 1036 dili-

137 1064 284 1150 gentique
296 1066 478 1131 ruultoruur
489 1068 630 1133 milone
640 1076 804 1135 versatam
818 1091 903 1150 esse,
918 1079 1036 1157 praeter
1049 1074 1141 1139 varie
1154 1095 1232 1140 auc·

136 1173 237 1234 tournr
251 1171 452 1249 testinans,
475 1171 601 1237 docent
614 1174 715 1238 etiam
738 1175 865 1240 crehrre
880 1178 953 1260 ejus
973 1177 1185 1259 repetitiones
1200 1184 1234 1243 et

136 1271 282 1355 inprimis
298 1274 469 1339 versiones
492 1279 650 1361 antique.
711 1277 798 1343 Cum
813 1282 900 1344 enim
923 1301 988 1346 non
1005 1281 1114 1346 solum
1130 1301 1233 1365 expe-

134 1374 200 1440 dita
211 1383 303 1440 esset
315 1379 388 1462 ejus
402 1379 516 1458 lectio,
539 1387 573 1445 et
592 1381 752 1465 frugifera
772 1383 934 1449 brevitate
948 1384 1231 1462 commendabilis,

133 1484 199 1544 lum
210 1481 329 1557 etiem,
344 1500 415 1563 quo
426 1484 568 1566 propius
581 1485 623 1548 ad
644 1486 771 1549 exitum
790 1486 972 1565 contendit,
997 1506 1038 1551 eo
1052 1487 1150 1550 etium
1164 1507 1233 1552 cer·

131 1581 244 1647 dorem
259 1581 421 1649 afferebat
434 1584 533 1649 tidem
552 1587 628 1671 ipso
642 1607 751 1652 reruni
763 1608 826 1652 usu
841 1590 1026 1655 collectam.
1074 1590 1129 1654 Ita
1148 1589 1233 1655 Hie·

131 1702 297 1769 ronymus,
309 1705 389 1749 oum
402 1685 540 1752 Eusehii
554 1690 656 1754 libros
668 1691 803 1755 annales
818 1691 871 1757 vel
884 1699 1022 1758 verteret
1035 1694 1167 1776 Latine,
1178 1694 1233 1758 vel

132 1786 259 1870 longius
274 1786 462 1866 deduceret,
486 1793 589 1856 multa
601 1813 646 1856 ex
660 1792 827 1877 Eutropio
847 1795 945 1878 petiit
958 1806 991 1858 et
1004 1795 1125 1860 iisdem
1139 1817 1232 1879 saepe

132 1891 234 1964 perbis
259 1891 431 1957 reddidit.⁸
486 1894 579 1961 Idem
604 1897 751 1962 iecerunt
776 1905 856 1981 post
882 1897 1125 1983 Hieronymum
1151 1898 1232 1968 Tiro

132 1991 275 2079 Prosper
289 1993 494 2078 Aquitanus,
510 2007 543 2063 et
557 1997 783 2065 Cassiodorus
798 2002 833 2064 in
850 1999 1033 2065 Chronicis.
1077 2002 1252 2066 Pressius
1357 2013 1362 2022 '

129 2104 272 2164 nastrum
285 2104 468 2183 sequuntur
491 2102 615 2168 Sextus
633 2102 756 2182 Rufus,
781 2104 934 2188 aequalis,
960 2105 1022 2168 snb
1037 2104 1232 2169 Theodosio

130 2199 249 2266 Victor
264 2201 403 2280 Schotti,
419 2210 454 2269 ot
467 2207 594 2274 siaonlo
609 2208 724 2290 quinto
735 2203 886 2284 Orosius,
895 2208 961 2271 etsi
974 2206 1008 2270 hi
1023 2228 1082 2290 per
1095 2208 1232 2272 enodem

129 2305 213 2369 viam
229 2304 368 2369 aliunde
390 2307 524 2392 objecta
548 2309 684 2373 minime
697 2309 863 2376 omittunt.
910 2309 985 2374 Nec
1001 2317 1137 2394 postero
1152 2317 1233 2375 tem-

128 2397 206 2494 pore
218 2411 393 2494 neglectus
404 2412 516 2496 jacuit
530 2414 723 2499 Eutropius,
746 2414 807 2479 sed
828 2433 849 2479 u
870 2412 1111 2480 chronicorum
1127 2416 1233 2499 scrip·

127 2516 256 2580 toribus
270 2534 391 2598 magno
406 2519 518 2584 studio
533 2519 707 2584 consultus
728 2526 784 2583 est
809 2527 845 2582 et
869 2538 1064 2602 expressus,
1085 2518 1233 2601 aspersis

126 2617 266 2684 aliorum
280 2620 534 2687 narrationibus.
581 2620 621 2685 In
634 2640 770 2687 censum
784 2621 839 2684 hic
854 2621 998 2684 maxime
1014 2618 1233 2684 veniuntMo·
1343 2648 1345 2651 ·

125 2724 310 2789 uechourm
333 2724 370 2791 S.
386 2723 615 2804 Pantulenuis,
642 2725 781 2790 Ordinis
807 2725 842 2790 S.
860 2724 1046 2799 Benedicti,
1070 2723 1234 2789 Chronica

126 2824 249 2911 Regial
260 2847 370 2912 usque
384 2828 428 2893 ad
443 2814 565 2895 annum
585 2829 677 2893 tlttl.
695 2829 988 2911 continuataque
1004 2827 1154 2891 conlecta
1170 2846 1233 2911 pu·

125 2932 169 2994 tat
184 2928 360 2995 Eocerdw
374 2950 395 2995 e
407 2928 665 2997 coloniensibus
680 2931 716 2996 S.
729 2930 945 2996 Pantaleonis
953 2930 1139 3008 monachis,
1154 2931 1234 3015 quia

126 3033 404 3118 archiepiscopos
418 3017 603 3099 etsbhates
616 3034 652 3100 S.
663 3034 883 3099 Pantaleonis
894 3041 1014 3097 exacte
1028 3040 1233 3099 recenseant.

127 3133 196 3201 Etsi
211 3137 304 3201 eninr
326 3157 369 3202 ea
387 3156 481 3203 moro
503 3140 602 3205 solito
626 3158 671 3203 ex
694 3138 808 3203 multis
833 3137 1024 3202 auctoribus
1037 3138 1233 3219 farraginem

125 3258 232 3304 rerum
249 3245 453 3318 construunt,
469 3241 569 3307 veluti
584 3262 603 3306 e
617 3239 764 3319 Justino,
777 3240 1126 3322 Victore-quiedam
1139 3239 1235 3304 adea

126 3345 250 3409 utiliter
271 3352 415 3428 possunt
437 3345 472 3408 in
495 3344 605 3410 multis
629 3345 715 3409 locis
738 3344 841 3426 exigi,
873 3352 906 3408 et
927 3343 1022 3408 initio
1044 3343 1117 3426 libri
1134 3360 1173 3409 u.
1189 3344 1232 3408 eb

126 3445 285 3533 Eutropii
310 3448 501 3513 narratione
527 3448 730 3526 desciscunt,
757 3448 902 3532 plurima
925 3454 1034 3513 tamen
1056 3447 1233 3510 subminis-

126 3558 224 3630 trent,
258 3573 303 3617 ex
327 3552 451 3637 quibus
475 3552 684 3636 Eutropiana
705 3553 807 3616 lectio
824 3549 970 3633 judicari
992 3556 1026 3613 et
1047 3547 1233 3627 confirmari
1359 3542 1363 3553 '

125 3657 246 3740 possit.
293 3656 352 3720 Sic
369 3657 403 3720 in
418 3655 494 3721 aliis
510 3655 676 3721 chronicis
694 3654 801 3718 multa
814 3653 959 3729 latitant,
973 3671 1063 3736 quae,
1078 3657 1114 3716 ut
1127 3652 1233 3717 omni·

126 3776 179 3838 no,
206 3760 386 3826 exhaustis
401 3760 564 3826 Codicum
587 3760 750 3838 sontibus,
773 3757 818 3822 ad
841 3764 1014 3821 auctorum
1030 3764 1176 3820 veterum
1192 3755 1233 3819 li-

126 3860 215 3942 hros,
240 3864 292 3928 sic
321 3863 483 3928 etiamad
499 3862 694 3948 Eutropium
709 3858 953 3927 emendandum
966 3865 1000 3923 et
1024 3857 1232 3942 probandum

629 4098 737 4149 NOTAE

128 4200 136 4287 ζ
157 4222 169 4250 ·
184 4214 225 4268 Cf.
239 4214 398 4267 Dodwellur
408 4214 435 4265 in
448 4215 661 4279 protectionibus
733 4212 746 4246 ¹’
762 4210 877 4264 Inseruit
889 4207 1140 4260 ascentionum.
1150 4220 1234 4259 neor·

130 4293 309 4349 meum
321 4308 348 4357 p.
362 4286 418 4343 15⁰.
434 4295 491 4344 lot.
702 4290 774 4358 poris
785 4288 905 4353 historici
915 4286 995 4341 medii
1006 4286 1064 4342 ert
