2992 4875
585 307 667 358 cnr.
694 307 774 356 rur.
1191 292 1238 358 as

129 459 287 540 ⁰¹P⁰fl¹¹⁸
303 460 369 519 est.
392 454 554 522 Proxime
569 455 779 539 eulm‘aliqui
795 452 973 536 attigcmnt
987 453 1142 539 Eutropii
1153 458 1235 520 tem·

127 578 222 641 pom,
246 559 306 643 qui
320 579 398 624 enm
417 557 639 636 reddiderunt,
655 559 870 624 uec.multum
891 558 966 642 ejus
979 565 1118 622 aetatem
1134 577 1235 623 exce·

12 705 14 718 ,
127 661 217 738 dunt,
228 664 288 746 qui
304 662 474 727 versiones
487 661 707 740 confecerunt,
719 663 755 726 in
767 662 887 746 quibus
901 667 1010 726 tamen
1023 661 1235 726 accessiones

12 763 13 782 l
125 763 235 829 factas
250 783 408 830 essenon
422 772 544 831 temere
568 766 763 832 existimare
778 764 856 828 mihi
874 764 998 828 videor.
1043 765 1123 830 Sive
1144 765 1234 829 enim

125 865 304 945 Paeanius,
333 866 376 930 de
403 868 501 951 cujus
527 870 679 932 versione
700 869 893 933 accuratius
911 867 1065 950 judicare
1089 868 1182 946 licet,
1198 869 1235 932 in

127 990 271 1052 pravum
289 969 451 1035 Codicem
476 970 634 1035 incidisse
649 971 757 1048 dicas,
780 972 853 1034 sive
869 971 979 1053 ipsum
993 971 1100 1034 multa
1114 971 1235 1055 depra-

12 1049 14 1192 ἱ
127 1092 234 1149 rasse,
253 1071 346 1155 quod
372 1072 505 1155 quidem
530 1092 612 1137 vero
638 1080 689 1137 est
715 1073 873 1150 similius,
901 1078 989 1138 certe
1015 1074 1240 1156 probabilius,

12 1195 14 1242 l
126 1175 266 1257 perinde
281 1175 316 1239 id
334 1175 524 1239 babendum
539 1183 602 1252 est,
618 1178 719 1254 immo
739 1175 832 1248 illud,
855 1176 1015 1240 maturius
1040 1177 1147 1240 factas
1158 1196 1234 1240 esse

12 1367 13 1370 Ἴ
125 1281 340 1354 mutationes,
357 1278 492 1343 evincit.
538 1278 586 1341 At
600 1284 724 1343 secutas
746 1284 823 1342 sunt
847 1279 922 1343 aliae
948 1298 1064 1362 eaeque
1080 1278 1234 1364 majores.
1272 1349 1275 1354 ,

12 1389 13 1452 J
126 1380 276 1460 Quarum
304 1380 439 1464 quidem
454 1382 661 1465 praecipuum
678 1389 848 1447 auctorem
864 1383 968 1446 fuisse
984 1382 1137 1458 Paullum
1151 1382 1235 1448 Dia·

125 1503 247 1548 conum
276 1484 422 1549 discitur
446 1504 490 1548 ex
512 1484 634 1549 diserto
658 1486 850 1556 testimonio
867 1485 991 1550 leonis
1007 1484 1241 1551 Musicanis·

126 1584 296 1652 Ostiensis
325 1588 358 1651 in
380 1585 545 1651 Chronico
569 1586 766 1664 Casiuensi,¹
798 1589 856 1652 ubi
887 1587 937 1652 sic
964 1588 1008 1652 de
1030 1608 1070 1651 eo
1096 1588 1233 1653 scribit:

12 1723 13 1726 π
125 1694 135 1720 ‘
151 1688 315 1775 Ejusdem
330 1677 531 1772 Adelpergae
552 1689 636 1774 [filia
651 1692 725 1756 baec
741 1691 804 1756 luit
821 1691 984 1756 Desiderii
1001 1691 1236 1773 Langobardo-

12 1815 13 1868 l
125 1813 194 1880 rum
209 1791 316 1876 regis]
334 1800 451 1875 rogatu
464 1795 497 1858 in
513 1794 652 1860 historia
666 1795 831 1873 Romana,
849 1815 949 1879 quam
966 1795 1146 1877 Eutropius
1160 1795 1234 1859 bre-

12 1911 13 1914 ’
127 1897 206 1961 riter
221 1904 473 1979 composuerat,
488 1898 629 1982 plurima
641 1897 805 1962 hincinde
820 1899 863 1962 de
878 1898 1045 1963 historicis
1057 1897 1235 1963 ecclesias·

12 2053 13 2090 1
127 1999 198 2064 licis
229 1999 371 2063 addidit.
416 1998 471 2061 Ad
500 2000 654 2064 ultimum
682 2020 759 2064 vero
781 1999 867 2064 duos
889 1999 1023 2064 libellos
1044 2006 1234 2084 atempore

126 2101 254 2168 Juliani
280 2103 513 2187 apostalmju
536 2123 635 2186 quem
658 2097 767 2188 ipsam
788 2103 959 2168 historiam
976 2103 1156 2187 Eutropius
1172 2108 1234 2168 ter·

12 2197 13 2220 ³
126 2207 326 2283 minareret,
350 2205 514 2290 usquead
532 2215 681 2289 tempora
704 2205 801 2289 primi
824 2205 1007 2269 iustiniani
1022 2206 1235 2289 imperatoris

125 2309 231 2374 eidem
256 2307 438 2373 annexuit!
482 2307 569 2388 Quae
595 2312 683 2374 enim
706 2317 785 2374 tunc
811 2309 927 2374 inserta
948 2317 1026 2374 sunt
1047 2317 1080 2375 et
1105 2317 1233 2389 assuta,

12 2492 18 2511 μ
124 2407 254 2498 ignorat
281 2412 453 2490 PaeaniuS,
470 2419 514 2493 et,
537 2415 566 2479 si
587 2434 656 2499 qua
670 2418 745 2499 post
766 2433 842 2477 eum
863 2411 996 2477 aliunde
1011 2417 1235 2493 accesserunt,

125 2520 186 2583 etsi
203 2517 397 2599 singulatim
412 2518 555 2581 enarrari
570 2522 750 2601 nequeunt,
766 2516 940 2580 arbitrario
954 2521 1065 2578 tamen
1088 2515 1235 2581 diverso·

125 2641 188 2704 que
199 2624 405 2706 privatorum
421 2619 533 2683 studio
548 2619 719 2696 debentur,
734 2639 811 2683 curn
826 2618 991 2682 Paullinae
1008 2616 1077 2681 illae
1089 2616 1235 2701 locuple·

125 2725 284 2801 tationes,
301 2742 386 2806 quas
401 2742 445 2786 ex
459 2722 561 2787 variis
576 2723 767 2789 auctoribus
781 2721 1081 2798 consarcinaverat,
1096 2719 1235 2804 publica

125 2827 220 2911 quasi
243 2825 445 2905 auctoritate
467 2825 670 2891 confirmatae
684 2832 718 2889 et
733 2823 933 2908 Adelpergae
948 2824 1081 2887 nomine
1096 2822 1233 2887 munitm

125 2930 260 2996 tuerint.
307 2927 428 3012 Neque
457 2936 567 3003 tamen
594 2930 643 2993 sic
668 2928 795 3012 quievit
819 2927 960 3007 aliorum
980 2926 1069 2991 male
1084 2925 1236 2990 officiosa

127 3026 299 3111 sedulitas,
315 3031 373 3095 sed
389 3038 481 3097 tanto
502 3032 656 3117 exemplo
679 3033 830 3097 excitata
852 3050 972 3095 manus
993 3030 1107 3111 injecit
1119 3034 1151 3090 et
1166 3027 1237 3090 alia

12 3194 13 3223 ,
127 3138 251 3203 effudit.
299 3136 367 3224 Qui
392 3138 481 3199 euim
505 3124 666 3217 Eutropio
689 3133 884 3216 addii'ulgo
900 3133 1007 3198 solent
1023 3131 1133 3207 Paulli
1149 3130 1241 3194 Dia··

12 3304 13 3319 ,
130 3242 200 3306 coni
214 3241 294 3304 libri
313 3257 396 3305 viu.
412 3238 454 3302 ad
475 3238 598 3303 Leuius
622 3237 731 3319 Isauri
755 3235 972 3301 Iconomacbi
990 3240 1142 3318 tempora
1158 3252 1241 3315 pro-¹

12 3350 13 3415 3
128 3343 302 3421 ducuntur,
329 3343 388 3427 qni
409 3342 545 3425 quidem
569 3340 718 3423 regnavit
739 3340 783 3404 ab
813 3359 899 3404 auno
920 3339 996 3403 717.
1009 3337 1052 3400 ad
1067 3337 1143 3401 711.
1156 3356 1245 3400 curn·

129 3454 236 3512 tamen
263 3446 409 3511 Paullus
433 3449 516 3508 teste
541 3443 664 3507 idoneo
681 3442 794 3505 Leone
815 3440 1010 3504 Marsicano
1033 3458 1060 3499 s.
1085 3436 1234 3502 Ostiensi

131 3551 233 3632 prima
248 3556 375 3613 tautum
390 3547 570 3612 Justinlani
585 3551 734 3629 tempora
749 3545 921 3627 attigisset.
967 3540 1080 3625 Atque
1100 3539 1134 3603 id
1155 3559 1234 3604 con·
1294 3586 1297 3591 -
1321 3540 1323 3544 ’

132 3653 246 3731 mat,
265 3660 398 3737 praeter
416 3649 593 3715 editionem
619 3647 742 3724 Vineti,
761 3646 912 3723 Merulae,
938 3651 972 3708 et
995 3642 1133 3706 aliorum
1155 3648 1235 3726 post

132 3754 392 3832 Schonhovium,
408 3751 524 3818 Codex
538 3750 784 3817 Ambrosianus
803 3750 949 3832 optimus
963 3746 1115 3830 Eutropii
1131 3743 1234 3812 Paul·

12 3864 13 3867 ’
128 3857 194 3940 lini,
221 3879 327 3945 quem
359 3855 404 3920 ad
438 3856 609 3921 historiam
638 3850 820 3918 miscellam
854 3851 996 3916 contulit
1018 3847 1232 3925 moratorius,

627 4064 737 4116 NOTAE

574 4215 584 4240 ⁸
602 4205 660 4257 Lib.
673 4220 692 4256 1.
708 4220 731 4265 e.
743 4208 785 4255 15.
