2992 4875
340 414 521 464 snnvsnn.
544 415 643 464 ursr.
667 416 757 467 nou.
782 419 856 470 nra.
874 419 931 470 rx.
954 421 1035 472 unu.
1049 405 1082 472 9.
1166 484 1170 487 ,
1194 404 1260 475 ¹183

153 554 261 607 eximiis
270 554 417 607 virtutibus.
437 557 507 607 Glur.
732 575 784 612 uon
806 563 899 613 rideo:
920 579 990 626 uam,
1007 564 1075 630 quod
1095 564 1163 615 bunc
1183 565 1259 616 nimis

193 630 364 680 &maduisse
375 633 456 695 susa]
477 633 528 683 Sed
543 633 587 698 qui
599 634 693 698 princi·
730 636 886 691 festinanter
897 654 942 690 eos
953 655 1042 689 numos
1054 641 1196 705 inspexisse
1205 657 1263 693 cre·

156 708 200 772 pis
220 709 303 757 locum
326 716 467 772 mereatur,
488 716 517 760 ut
538 711 693 761 Valerianus
730 713 787 775 dat,
805 716 895 780 exigui
913 732 976 767 saus
996 717 1119 767 momenti
1141 724 1192 781 est,
1207 718 1262 771 acsi

156 784 302 849 imperator
330 786 393 835 dicit
427 787 496 850 apud
527 788 692 839 Trebellium.
730 790 844 841 idemab
862 793 999 844 Hardnino
1017 792 1074 843 lieri
1095 809 1145 843 non
1164 795 1262 857 potuis·

159 864 232 915 Ger.
731 873 781 917 set.
799 869 878 917 Certe
886 869 949 918 nibil
961 867 1131 935 frequentius,
1142 883 1217 936 quam
1227 870 1263 919 in·

192 942 242 990 Per
262 957 337 991 sams
356 942 447 1005 decen]
479 944 585 1006 Septem,
609 945 693 1009 iuquit
731 944 940 1005 terpunctiouem
953 947 1075 1009 temporis
1091 946 1188 1009 injuria
1205 961 1264 999 era·

156 1017 317 1080 Trebellius,
335 1019 414 1068 semel
425 1020 451 1067 in
463 1019 587 1083 Gallieni,
598 1021 692 1071 iterum
730 1032 839 1068 nascere
857 1033 997 1071 missus
1017 1021 1160 1084 cujusmodi
1176 1036 1263 1072 exeru-

158 1088 332 1143 iuPostbnmi
345 1094 406 1144 rita
425 1095 497 1145 Glur.
731 1095 802 1158 plum
822 1096 847 1145 iu
864 1096 947 1146 Codd.
962 1098 1026 1146 Mas.
1045 1097 1168 1147 babemus
1184 1111 1263 1161 supra

193 1170 359 1234 motus]
377 1172 582 1236 Maleperditaa
602 1175 672 1225 Gtar.
730 1171 897 1222 taneto.
923 1173 1074 1235 M.Lolls'us,
1091 1172 1264 1224 uniebuou

196 1246 304 1308 linus]
320 1246 493 1296 Fortitudiue.
511 1249 585 1298 Giur.
731 1248 841 1311 amplius
867 1248 1020 1312 adparente,
1048 1249 1121 1299 inscii
1152 1249 1264 1300 librarii

192 1323 589 1386 numerumnunerum.
608 1326 677 1376 Glur.
731 1321 970 1385 Mullissl'eceruut.
1005 1326 1061 1375 Etsi
1078 1326 1147 1375 euim
1157 1326 1263 1377 Bandu-

194 1399 362 1464 Reparnoerit]
386 1401 550 1464 Restitnerit,
566 1402 693 1452 instaura·
731 1411 775 1447 rua
786 1398 889 1448 omniuo
899 1399 1037 1463 legendum
1050 1415 1107 1451 osse
1118 1408 1209 1451 censet
1218 1415 1264 1451 nu·

157 1476 237 1526 verit.
253 1475 404 1525 Trebellius.
414 1476 484 1526 Glur.
502 1476 616 1527 Trebell.
634 1477 695 1527 Pol·
731 1487 830 1524 morum
853 1473 905 1524 lide
932 1476 1073 1541 Missum,
1099 1477 1155 1541 ipse
1177 1478 1264 1542 plures

159 1553 195 1602 lio
216 1553 242 1601 iu
264 1566 332 1602 xxx.
351 1552 446 1615 'lyram
468 1566 526 1616 cap.
544 1558 570 1601 b.
592 1552 694 1615 scribit,
732 1552 1266 1620 risliunmos,quiCnlEarannsexlsibeut,

157 1629 320 1679 ‘Romanurn
339 1630 365 1678 in
378 1629 511 1692 pristinam
524 1631 694 1679 securitatem
732 1636 761 1679 ut
774 1643 848 1694 equs
868 1631 1006 1680 Cloelianns
1021 1633 1071 1696 legi
1089 1633 1172 1695 possit
1188 1645 1265 1696 quam
1367 1680 1371 1686 .

161 1720 299 1757 revocasse
309 1706 462 1771 imperium!
482 1708 542 1757 Geli.
733 1705 763 1756 C.
774 1706 914 1761 Laelianus.
947 1708 1000 1757 Pro
1011 1709 1060 1759 boc
1072 1714 1158 1761 autem
1169 1710 1266 1758 AEliuso

194 1781 392 1847 interfecissent]
409 1783 506 1847 oppid.
518 1783 551 1833 ad
563 1781 695 1835 couflueu·
734 1797 871 1847 perperam
879 1786 1011 1835 historiam
1020 1785 1179 1837 confundens
1188 1787 1268 1839 AEmi-

161 1863 216 1908 tens
228 1859 309 1908 Meni
320 1866 348 1909 et
359 1859 450 1909 Rbeui.
469 1860 539 1911 Glur.
732 1861 949 1925 lisnsrnreposult
967 1862 1075 1915 Orosius
1094 1864 1112 1916 1.
1124 1876 1174 1914 vri.
1191 1866 1268 1913 cib.
1321 1910 1323 1916 .

193 1933 478 1996 incumberemus
486 1936 547 2000 ejus.
558 1936 629 1986 Glnr.
641 1936 695 1987 Pro
732 1937 900 1991 ‘AEmiliuuus
912 1940 981 2003 apud
991 1940 1198 2004 Mogontiacum,
1209 1953 1268 1988 cum

160 2011 270 2061 latitas
284 2012 411 2073 interpres
422 2011 544 2061 Pauuins
564 2011 645 2061 babet
664 2012 695 2062 b.
734 2026 776 2062 res
786 2027 866 2063 nouas
882 2016 1028 2079 moliretur,
1047 2031 1187 2081 oppressus
1204 2014 1269 2079 est5'
1313 2047 1334 2060 .·

162 2086 269 2148 AEiiosso,
279 2092 308 2136 et
316 2086 421 2150 quidem
433 2094 515 2149 recte,
530 2087 695 2152 judiceGas·
733 2103 794 2139 uam
812 2102 863 2140 non
881 2091 907 2139 in
928 2091 1025 2153 Gallia,
1042 2091 1090 2146 sesi
1109 2093 1136 2141 iu
1154 2092 1268 2156 AEgypto

162 2161 244 2213 sendo
264 2161 311 2211 lib.
327 2175 359 2212 ιι.
375 2162 444 2213 Vitae
456 2163 582 2214 Peirescii
602 2179 627 2228 p.
638 2169 695 2215 us.
734 2179 776 2215 res
787 2167 965 2230 conturbasse,
981 2175 1055 2218 recte
1067 2167 1191 2219 observat
1201 2167 1268 2217 Cun-

163 2245 192 2290 et
203 2239 326 2290 Reiueslo
338 2239 422 2302 Epist.
440 2240 472 2289 ad
484 2242 590 2291 Bosium
613 2256 638 2305 p.
654 2246 695 2292 ul.
733 2241 830 2306 negiet.
847 2242 874 2293 d.
885 2243 903 2292 l.
925 2243 995 2294 Vari.

163 2314 299 2366 Hermum
324 2316 430 2379 Optime
441 2317 466 2366 in
477 2318 506 2367 L.
515 2318 576 2366 Bat.
587 2317 696 2368 meliore
768 2320 899 2368 neamus
908 2318 1029 2383 moliente]
1045 2319 1175 2371 Lollianus
1193 2332 1269 2383 quar·

162 2394 218 2444 sire
236 2393 320 2458 primo
338 2392 461 2443 scribitur
477 2392 508 2443 1..
525 2393 630 2444 AElinso.
663 2392 695 2444 ld
735 2402 777 2447 tus
788 2395 857 2460 apud
875 2395 1031 2446 Trebellium
1044 2404 1179 2460 tyrannus,
1195 2408 1269 2445 occa-

164 2470 233 2519 enim
255 2483 344 2519 vcruru
363 2470 425 2536 buic
449 2470 574 2532 Tyranno
603 2483 696 2519 nomeu
736 2473 774 2523 sio
786 2471 846 2534 l‘uit,
857 2480 886 2522 ut
898 2473 1046 2536 Postumus,
1063 2472 1106 2538 qni
1118 2471 1218 2522 Gallias
1230 2470 1269 2522 in·

165 2560 224 2596 esse
235 2560 268 2595 ex
282 2547 397 2596 Nummis
415 2545 532 2611 ejusdem
550 2546 699 2596 didieemnt
735 2556 908 2612 stupraverat,
919 2549 1093 2599 occideretur.
1117 2545 1268 2611 Ipseetiurn

165 2626 326 2691 Antiquarii,
341 2627 431 2691 quales
447 2634 475 2676 et
489 2626 544 2691 ipse
557 2627 698 2690 plureslra·
736 2641 806 2689 mox,
824 2640 881 2676 cum
899 2640 950 2674 non
968 2624 1051 2673 suiuus
1063 2622 1175 2688 eruperit
1193 2621 1270 2674 bene·

165 2702 227 2764 beo,
239 2701 377 2765 inscriptos
388 2716 450 2752 ruse.
462 2716 487 2752 c.
499 2716 523 2752 ι..
535 2715 661 2752 ansanus
674 2717 700 2752 ι.
736 2700 823 2752 facere
835 2701 937 2764 Gallie,
954 2717 970 2750 a
985 2700 1131 2764 Victorino,
1144 2699 1269 2752 Victoria

163 2791 189 2827 r.
200 2789 267 2826 suu.
285 2778 380 2842 quique
400 2777 433 2826 ab
451 2776 533 2826 ultera
551 2777 700 2840 parteVic·
736 2778 799 2843 lilio,
815 2780 987 2842 iuteremptus
999 2783 1050 2827 est.
1071 2779 1144 2827 Giur.

165 2853 243 2914 toria
253 2851 401 2903 festinantis
411 2861 500 2919 typum
511 2853 616 2903 babent.
634 2853 701 2904 Hos.
772 2856 831 2904 Post
841 2869 894 2904 suas
907 2854 1012 2916 Munus]
1030 2853 1130 2903 Marius
1141 2853 1168 2905 iu
1178 2851 1270 2902 ordine

165 2929 239 2979 Mira
250 2928 277 2978 iu
289 2929 338 2977 boc
356 2929 459 2979 nomine
480 2930 638 2993 designando
658 2944 701 2979 ra·
739 2944 808 2982 xxx.
823 2936 991 2994 tyrannorum
1004 2929 1129 2993 septimus
1146 2934 1196 2979 est.
1231 2928 1271 2978 Ex

165 3004 247 3055 rictas
260 3004 375 3054 occurrit
385 3005 411 3054 in
428 3005 511 3055 Codri.
523 3005 586 3054 Mas.
606 3020 620 3056 e
640 3018 702 3070 quo·
739 3005 814 3056 fabro
825 3005 935 3055 ferrario
951 3004 1037 3055 triduo
1050 3011 1150 3055 tantum
1163 3005 1272 3070 impera·

165 3095 225 3132 rum
237 3086 323 3130 tamen
335 3081 418 3145 primo
428 3081 502 3132 Leid.
515 3096 600 3136 rerum
613 3082 702 3132 lectio·
739 3084 795 3136 vit:
813 3097 865 3135 rina
885 3082 929 3131 die
949 3080 1036 3132 factus
1055 3081 1206 3144 imperator,
1222 3079 1273 3128 alle

165 3172 228 3209 uem
247 3159 288 3209 Cl.
303 3158 501 3222 Havercarupus
520 3159 599 3216 eruit,
616 3165 644 3209 et
655 3173 701 3210 nn·
739 3157 888 3221 imperavit,
899 3157 979 3206 tertia
988 3172 1070 3207 cresus
1079 3163 1134 3216 est;
1147 3162 1175 3204 nt
1185 3154 1216 3204 C.
1226 3155 1273 3210 Ca·

167 3232 610 3299 minqnosbabebabcontirmasit.
628 3235 704 3285 eom·
739 3234 824 3284 ninius
843 3235 960 3284 Rebilius
975 3233 1047 3299 apud
1062 3234 1136 3283 Suet.
1157 3232 1182 3281 in
1200 3231 1273 3284 Julio

166 3307 282 3376 probant
300 3310 342 3359 bic
360 3310 508 3360 Heumann.
525 3318 553 3360 et
571 3325 635 3375 quos
649 3313 702 3359 lau·
740 3313 783 3364 tit.
795 3317 837 3363 to.
863 3313 960 3363 Consul
973 3312 1021 3362 llo.
1034 3311 1099 3361 adeo
1111 3310 1229 3374 vigilans,
1245 3312 1275 3356 ut

166 3387 224 3447 (lat,
242 3385 402 3450 Gasseudus,
418 3394 445 3437 et
457 3387 605 3448 Reinesiun
621 3386 703 3436 Arnt·
740 3387 789 3439 sub
799 3388 857 3452 ejus
868 3389 1003 3438 consulatu
1018 3402 1094 3436 nemo
1105 3399 1221 3436 somnum
1233 3398 1276 3440 ce·

167 3460 257 3512 senius
269 3470 297 3511 et
307 3477 371 3527 quos
384 3470 464 3512 testes
476 3463 552 3524 citat,
569 3462 601 3511 sd
613 3462 703 3512 Aurei.
740 3464 819 3527 perit.
843 3465 939 3512 Fuerat
951 3464 1020 3512 euim
1032 3462 1161 3512 duntaxat
1170 3459 1275 3517 dimidio

168 3541 237 3592 eas.
248 3553 351 3591 xnus.
369 3541 412 3591 ubi
430 3541 529 3591 diserte
540 3540 571 3590 L.
584 3541 704 3601 AEliusss,
739 3539 784 3589 alie
797 3539 856 3588 Cos.
868 3539 972 3588 Nullius
981 3552 1071 3594 manus
1084 3537 1125 3589 vel
1137 3535 1170 3591 ad
1180 3533 1276 3584 serien·

168 3616 279 3682 etquod
291 3615 704 3680 urgetmagis,Epitorueslectio
741 3615 803 3665 dnm
824 3616 864 3664 vel
889 3614 923 3663 ad
945 3612 1128 3679 impellentium
1151 3610 1276 3668 fortiores

167 3694 283 3745 AEiiasss
298 3692 393 3742 omisso
411 3693 442 3742 L.
461 3691 531 3758 qrrod
546 3706 592 3756 per
607 3689 706 3745 Λούκιον
741 3688 983 3746 fuissenarrantnr;
997 3688 1083 3740 talitro
1094 3686 1223 3736 lroruiueus
1235 3699 1277 3734 oc·

169 3768 271 3833 optime
301 3769 432 3833 expressit
455 3768 586 3833 Poeanins,
613 3768 706 3832 adpro·
742 3767 831 3818 cidere
841 3765 935 3829 potuit.
952 3763 1021 3820 Vide
1029 3763 1120 3814 eudem
1130 3762 1162 3810 (le
1170 3759 1277 3811 Tiberio

168 3845 252 3896 baute
276 3845 316 3895 Cl.
335 3845 525 3910 Caunegietero
543 3846 657 3895 Dissert.
680 3843 707 3893 iu
743 3840 901 3894 referentem
912 3840 1074 3902 Suetonium,
1091 3839 1133 3889 tit.
1144 3843 1186 3888 68.
1206 3838 1277 3894 Glor.

169 3920 287 3972 Trebell.
308 3920 420 3970 Polliou.
442 3934 527 3986 nuper
553 3919 635 3983 edita,
662 3918 707 3985 qui
775 3918 913 3981 Purpurom
932 3915 1043 3981 sempsit]
1079 3916 1146 3966 Post
1165 3912 1279 3966 Victori·

169 3996 707 4062 Polliolalliussunubiquecxbibetprave.
744 4009 815 4055 nuru,
830 3992 915 4058 inquit
925 3992 1078 4041 Trebellius.
1098 3991 1169 4040 Glur.

169 4060 293 4125 hunis·
306 4079 392 4121 tamen
405 4072 546 4122 malletCl.
563 4071 707 4135 Gruuerue,
778 4071 813 4121 Et
832 4071 931 4120 sesamo
952 4069 1002 4133 slis]
1030 4067 1173 4122 Trebellius
1193 4063 1278 4115 Pollio

171 4149 237 4215 quis
254 4147 294 4198 sic
312 4146 339 4196 iu
356 4161 433 4198 numo
450 4154 491 4197 est
508 4147 577 4211 apud
597 4146 708 4196 Hardni·
744 4145 893 4197 buicMarii
905 4144 1013 4209 imperio
1030 4143 1099 4192 diem
1119 4156 1197 4192 unum
1214 4139 1280 4204 adji-

170 4240 249 4277 unmr
265 4239 319 4290 qua
336 4230 423 4274 autem
443 4224 544 4275 ratione
560 4223 635 4289 nujus
652 4224 709 4274 dili·
745 4224 793 4287 cit,
814 4224 858 4289 qui
880 4222 996 4274 triduum
1017 4221 1160 4286 imperasse
1177 4215 1280 4281 scribit,

168 4301 290 4372 gatiam
301 4300 534 4376 Hareruamplane
552 4301 710 4367 praetulerit,
745 4301 793 4354 aad
814 4300 890 4370 cujus
908 4299 992 4364 primo
1015 4297 1058 4350 (lia
1073 4294 1158 4350 iactus
1175 4293 1210 4358 sit
1230 4292 1279 4368 irp-
