2992 4875
331 410 509 462 nnnvrin.
533 410 631 462 nisa.
656 410 747 462 aori.
771 410 847 463 nro.
869 412 908 464 x.
931 414 1012 466 car.
1035 399 1068 464 1.
1178 402 1243 467 atil

132 551 135 555 ’
180 554 263 618 Alter]
279 553 431 606 Herculeus.
449 555 520 606 Gtar.
715 556 783 609 cioio
794 558 827 608 ad
838 557 942 623 annuas
955 563 1071 621 vocatus,
1088 573 1145 609 cnm
1156 573 1244 610 sancc-

179 631 320 695 Messian]
345 631 489 697 Regionenr
511 623 580 682 nitra
601 631 675 683 Cam·
714 640 799 685 totam
815 642 973 693 excusasset,
989 650 1039 700 quo
1057 636 1139 685 minna
1160 636 1245 687 venis
1283 692 1285 697 ,

144 708 261 772 naniam.
278 709 348 758 Gtar.
715 713 766 775 set,
780 725 810 761 ac
832 711 869 761 ilii
887 711 1030 761 minacibus
1058 712 1163 776 scriptis
1183 727 1243 764 euru

181 783 249 834 Can.
271 788 312 834 28.
340 785 501 837 Diocletianus
519 785 629 848 pesum
649 785 675 833 ἐι
715 786 851 839 Maxentio
873 801 903 837 ac
926 788 1068 838 Maximino
1091 787 1186 840 favisse
1205 804 1245 839 ar·

143 859 215 922 sitta]
230 860 410 911 Diocletianus
421 875 480 910 cunr
494 860 526 931 ab
543 850 675 910 Her'culco
715 869 835 926 gnorent,
867 870 1018 926 suspectans
1058 865 1243 916 dedecorosam

143 938 527 1003 acGaierioudrccipiendum
540 938 675 1003 imperinm
714 945 824 988 mortem
848 952 973 988 venenum
1001 937 1114 988 hausisse
1139 926 1243 990 dicitur.

143 1022 292 1080 rogaretur,
307 1024 429 1082 tanquam
447 1023 546 1081 pestem
564 1016 675 1081 aliquam
717 1015 786 1065 Gtar.
819 1016 890 1080 Epic.
910 1016 975 1066 Aur.
993 1017 1124 1068 Victoris:
1141 1019 1244 1068 ‘Vena-

143 1091 293 1141 detestatus
303 1092 405 1141 inhunc
414 1091 517 1143 modum
526 1091 674 1155 responditr
715 1107 774 1142 anm
786 1092 881 1144 dicitur
892 1094 1021 1144 hausisse!
1038 1096 1096 1146 Ceti.

41 1196 46 1203 ·
143 1166 253 1219 Utinam
264 1167 363 1216 Saionae
381 1167 483 1231 possitis
503 1168 586 1216 risere
602 1168 675 1217 olera
747 1169 861 1221 Privatae
876 1169 902 1219 s‘rr
917 1168 985 1232 vitta]
1008 1171 1079 1220 Vitia
1097 1172 1153 1223 hac
1172 1171 1243 1235 pais·

142 1243 242 1291 nostris
264 1243 380 1292 manibus
406 1243 531 1305 instituta,
555 1241 674 1307 profecto
715 1243 779 1293 tium
791 1242 934 1310 fnitpropc
950 1245 1065 1309 Salonas,
1080 1244 1152 1311 orig‘o
1171 1245 1243 1295 urbis

143 1332 277 1383 nunqnam
296 1319 365 1369 istud
377 1317 529 1369 tentandum
542 1318 675 1382 judicare·
714 1319 822 1384 Spoleti,
832 1320 900 1386 qnod
912 1321 989 1372 etism
1001 1322 1103 1372 nominc
1115 1321 1242 1384 adproba-

143 1394 187 1445 tis.
197 1387 675 1458 Vixitannisdnodeoctoginta‚morta
714 1402 766 1447 tur.
799 1397 992 1463 Porphyrogco.
1007 1396 1040 1447 dc
1054 1395 1155 1448 Adarin.
1173 1395 1240 1459 Imp.

143 1465 676 1536 performidinrrupropcvoiuntariacon-
714 1475 787 1523 cto.
807 1472 867 1524 crit.

143 1553 273 1609 sumptas.
305 1544 330 1596 A
350 1546 518 1598 Constantino
537 1554 615 1613 atqua
633 1547 676 1597 Li·

505 2276 508 2281 ’
581 2272 728 2340 LIBER
747 2272 800 2339 X.
863 2304 866 2310 ·

177 2555 364 2608 Dncxuus'hic
381 2555 451 2606 iiber
465 2554 596 2606 historiam
612 2567 672 2603 coo·
711 2546 802 2599 dubito
820 2562 854 2597 an
877 2553 918 2597 tot
940 2544 1023 2596 Codd.
1042 2545 1104 2595 Mas.
1124 2550 1152 2594 ct
1172 2543 1238 2594 Edd.

142 2632 212 2684 tinet
230 2637 270 2685 59.
295 2648 426 2696 annorum,
443 2632 475 2682 ab
496 2646 527 2681 eo
555 2638 672 2696 tempora
710 2631 842 2676 vetustata
862 2639 908 2673 sua
927 2622 1162 2673 commendatarum
1180 2635 1240 2670 auc·

143 2708 246 2773 qnando
263 2709 441 2758 Diocletianus
456 2714 484 2757 ct
500 2706 673 2757 Maximianus
711 2700 813 2753 toritati
835 2700 939 2751 obstare
959 2700 1046 2756 liccat.
1071 2697 1161 2747 Icidd.
1187 2697 1242 2760 qui·

143 2785 293 2835 Herculeos
302 2800 440 2850 purpuram
449 2783 633 2846 deposuerunt,
643 2797 673 2831 ac
713 2781 773 2831 dem
786 2786 809 2831 l.
825 2785 849 2830 t.
860 2787 888 2830 ct
900 2787 924 2830 a.
941 2786 969 2828 ct
988 2776 1122 2828 Fuidcusis
1141 2786 1241 2838 praepo·

144 2862 310 2912 Constantius
319 2862 425 2912 Cbtorus
434 2866 462 2909 et
470 2861 589 2910 Galerius
600 2859 675 2908 Max·
711 2857 828 2918 sitionem
839 2856 936 2920 delent,
955 2855 1000 2906 scd
1014 2852 1241 2906 adruiaistrutioaua

141 2936 251 2987 imiauus
266 2952 298 2987 ex
313 2935 457 2987 Cesaribus
468 2933 530 2985 facti
542 2939 602 2983 sunt
612 2933 673 2983 aori
711 2943 798 2986 tamen
810 2940 922 2982 servant.
947 2932 1068 2995 Suspicor
1078 2922 1151 2993 ἦρτο
1160 2929 1187 2977 ia
1198 2927 1240 2975 Li·

143 3013 266 3076 Augusti,
281 3027 360 3077 usquc
379 3011 410 3060 ad
425 3011 561 3060 Vaicntem
575 3023 605 3060 ac
619 3009 672 3058 Va·
710 3010 854 3060 braciorum
866 3010 964 3060 incuria
971 3010 1099 3060 omissum.
1115 3006 1159 3055 Sic
1170 3003 1238 3052 anim

141 3088 322 3139 lentiniannrn.
339 3089 408 3138 Gtar.
568 3077 571 3082 ’
710 3087 778 3137 Edd.
800 3086 915 3148 Alaina,
937 3086 1060 3147 tantini,
1087 3078 1240 3132 Sebonbovii

177 3165 244 3215 Car.
260 3170 282 3215 l.
300 3165 349 3214 His
362 3163 449 3228 igitur]
465 3163 628 3213 Diocletiano
643 3169 670 3212 ct
710 3157 741 3215 a'c
758 3165 878 3225 Merula,
897 3162 947 3213 His
962 3162 1039 3225 igttu
1055 3157 1199 3220 abeuntibus,
1213 3158 1239 3204 ia

140 3241 301 3291 Maximiano
313 3241 453 3291 Herculeo.
472 3239 542 3289 Gtar.
710 3241 948 3302 administrationem,
969 3241 1009 3301 irc.
1033 3237 1086 3302 [ad]
1111 3234 1184 3285 uncls
1200 3234 1240 3284 in·

176 3318 216 3367 Ad
232 3319 468 3379 administrationem,
486 3307 539 3380 tra]
564 3314 670 3379 Optime
711 3316 788 3366 ciusit
808 3316 968 3379 Syiburgius,
990 3315 1036 3365 sed
1054 3313 1127 3363 Leia.
1146 3314 1172 3359 fl.
1196 3323 1240 3358 ex·

141 3396 229 3446 Faber
234 3393 324 3460 [supra
334 3413 358 3459 p.
363 3394 445 3458 242.]:
454 3394 490 3442 sic
496 3392 563 3442 enim
571 3406 672 3456 quoque
711 3405 800 3455 pressa
811 3391 862 3441 His
869 3387 1102 3453 tgiurabemibua
1111 3387 1142 3434 ad
1150 3385 1238 3433 adoaia.

141 3472 228 3523 eada.
245 3473 326 3522 uacui
347 3473 427 3537 (quod
450 3471 521 3534 prius
542 3469 670 3518 monuisse
711 3467 797 3515 etita
823 3466 957 3514 Ceiiarius.
1000 3461 1119 3512 Dandum
1139 3458 1237 3524 aiiqoid

139 3547 294 3614 oportebat)
308 3549 372 3600 ΜΣ.
383 3549 411 3598 S.
421 3549 455 3598 N.
471 3547 563 3597 flam.
585 3543 670 3594 Faber
710 3542 766 3606 ejus
777 3542 826 3590 aevi
838 3541 912 3606 rtyio.
932 3540 1003 3590 Verte

140 3634 240 3686 tamen,
251 3640 333 3688 nequa
343 3624 417 3686 Filia,
427 3637 509 3689 neque
521 3624 576 3685 ipsc
586 3620 670 3669 Hear·
743 3616 910 3680 Constantius]
927 3615 1043 3665 Cblorns.
1061 3612 1131 3661 (iias.

139 3698 199 3749 nias
210 3699 350 3748 lectionem
362 3714 376 3748 a
388 3715 414 3749 re
430 3698 565 3760 probatam
578 3696 604 3744 in
614 3702 670 3745 tex·
742 3691 865 3757 Gatcrixs]
881 3691 1039 3740 Maximinus
1049 3684 1237 3736 Armentarius.

140 3783 197 3825 tam
208 3775 318 3838 recepit,
334 3775 380 3824 aed
393 3773 596 3835 nasammonas,
608 3771 668 3821 dein
711 3768 781 3820 Giar.

141 3866 191 3901 vau
203 3851 304 3910 Horou,
323 3851 505 3910 ctGruncrns,
522 3855 668 3914 qnatamcn
741 3842 856 3907 Augusti]
893 3843 934 3892 Ex
967 3839 1121 3892 Caesaribus.
1158 3836 1235 3888 Anna

141 3927 252 3991 ratione,
269 3927 331 3976 nihii
350 3933 465 3988 monent,
485 3940 525 3988 ca,
542 3926 667 3988 auspicor,
709 3923 804 3972 Christi
816 3926 874 3972 809.
892 3920 962 3970 Gtar.

139 4017 217 4068 qnam
253 4001 368 4051 reddidit
408 4001 502 4064 Faber,
540 4000 667 4050 contenti.
742 3997 825 4063 Orbis]
851 3999 991 4047 Romanurn
1006 3992 1151 4058 imparium.
1177 3989 1236 4038 Gia-

138 4080 302 4143 Quamquam
313 4091 375 4127 vcro
390 4078 459 4127 Viris
474 4079 511 4127 D.
530 4077 670 4138 consentio,
707 4087 800 4123 reaaus.

137 4155 281 4206 lectionem
292 4155 357 4204 banc
369 4154 452 4203 altera
462 4152 592 4203 meliorem
604 4165 669 4215 csse,
743 4146 860 4212 Gaitiasa]
876 4143 1028 4196 Occidentis
1039 4141 1183 4208 imperium.

552 4264 664 4329 Augusti
680 4264 731 4314 duo
748 4261 817 4314 novi.

138 4347 307 4401 comuntim
319 4345 438 4399 abac
510 4346 629 4400 Galerius
640 4344 812 4398 Maximianus
822 4336 1008 4395 Armentarius.
