2992 4875
595 361 678 412 usa.
702 361 787 412 vrrr.
1188 345 1233 415 33

128 505 312 576 Ammo
333 504 467 586 latino,
484 512 520 572 et
535 507 571 572 in
584 507 738 593 plurimis
749 509 837 574 locis
850 507 1049 589 emendavit,
1062 507 1233 595 adjunctis

128 613 228 678 etiem
243 611 335 677 notis
346 613 528 678 maximam
543 617 671 698 partem
691 612 833 693 criticis,
847 617 885 679 ut
898 615 972 698 ipse
986 614 1022 678 in
1039 613 1235 699 praefatione

129 715 315 800 praedicare
329 735 399 780 non
413 715 624 794 dubitaverit,
634 736 671 780 se
684 735 758 780 eam
772 717 877 799 magis
889 718 1118 797 instaurasse,‘¹
1133 738 1236 803 quem

129 819 347 886 recensuisse.
392 817 486 886 Usus
514 827 566 885 est
593 818 658 884 hac
687 813 830 898 editione
855 813 984 904 passim
1010 819 1174 887 Cellarius
1201 822 1235 887 in

124 922 313 1010 judicanda
341 921 495 1006 Eutropii
521 924 675 991 lectione.
717 922 947 988 Basilesnsem
977 923 1157 993 editionem
1180 946 1235 994 an.

129 1027 226 1093 111116.
250 1046 355 1111 qnam
377 1026 512 1112 quidem
537 1024 626 1091 falso
652 1043 727 1096 cum
752 1025 916 1109 superiori
930 1026 1140 1093 commistam
1162 1048 1237 1095 esse

130 1137 221 1217 puto,
245 1136 487 1196 commemorat
511 1128 669 1208 Ceissinr,0
696 1124 864 1214 idemquo‘
883 1129 1096 1195 Canisianam
1115 1132 1237 1216 repeti·

130 1239 196 1300 tam
221 1234 388 1320 prodiisse
416 1235 552 1300 scribit·
567 1229 771 1317 Antweipiae
793 1232 889 1298 1725.
935 1231 1075 1318 Optime
1098 1234 1238 1302 debetur

132 1337 247 1404 studio
276 1338 457 1405 Muratorii
484 1338 555 1425 (en.
571 1334 688 1422 1723.)
712 1338 746 1402 in
773 1336 870 1421 cujus
895 1338 1115 1421 scriptoribus
1129 1358 1238 1406 rernm

132 1438 328 1507 Iuliosmm
353 1442 496 1526 primum
516 1441 577 1514 illa
601 1442 712 1507 locum
740 1444 895 1523 occupat.
956 1439 1026 1505 Hic
1056 1442 1142 1507 enim
1171 1463 1238 1508 non

132 1543 242 1610 solnm
262 1545 472 1610 membranas
493 1542 582 1622 Mas,
606 1542 797 1609 monasterii
809 1541 1065 1619 ¹Herst'oldensis
1086 1546 1239 1627 contulit,

132 1646 259 1732 quibus
278 1647 355 1732 jam
380 1645 535 1714 Canisius
564 1666 647 1711 usus
674 1652 755 1724 erat,
785 1645 927 1736 ejusque
952 1656 1116 1731 praeterea
1140 1655 1239 1717 notm

7 1813 9 1828 ,
133 1751 290 1837 subjecit,
315 1749 375 1815 sed
394 1756 429 1814 et
446 1769 535 1817 nova
548 1747 703 1817 subsidia*
713 1748 876 1829 adhibuit,
891 1749 1035 1817 Codices
1048 1755 1081 1818 5.
1099 1750 1241 1819 Ambro-

7 1915 8 1920 ,
134 1852 238 1919 siunae
262 1853 491 1933 bibliothecae,
512 1853 623 1918 varias
645 1852 803 1917 lectiones
824 1850 847 1917 J
850 1853 952 1918 scobi
974 1853 1151 1937 Bongarsii
1172 1856 1240 1921 Bo·

7 1953 8 2002 1
135 1957 242 2044 dryaei
267 1976 313 2021 ex
329 1954 397 2021 Ms.
413 1956 524 2023 Paulli
547 1955 704 2050 Diaconi,
727 1956 872 2042 itemque
903 1977 948 2022 ex
963 1956 1031 2022 Ms.
1052 1957 1178 2026 Pithoei
1205 1967 1242 2026 et

135 2060 285 2127 aliorum.
342 2059 468 2144 Selegit
490 2066 604 2125 tamen
623 2058 777 2165 inprimis
806 2079 851 2125 ex
875 2058 980 2124 Codd.
1008 2062 1241 2128 Ambrosianis

134 2183 235 2230 uuum
265 2163 474 2249 eundemque
504 2163 783 2248 antiquissimum,
815 2163 941 2248 quippe
964 2164 1060 2249 cujus
1079 2165 1242 2249 integram

7 2279 9 2350 i
134 2267 314 2334 lectionem
328 2267 499 2332 exhibuit:
535 2265 651 2366 Refert
674 2272 784 2330 autem
797 2265 855 2331 ille
871 2264 1070 2350 Eutropium
1086 2287 1155 2332 non
1169 2269 1242 2353 qui·

136 2370 210 2439 dem
221 2389 343 2459 purum
358 2378 393 2435 et
405 2370 647 2473 intaminatum,
661 2369 720 2435 scd
732 2372 868 2455 qualem
880 2369 1120 2437 deformaverat
1134 2373 1243 2438 curio·

137 2496 175 2544 sa
197 2476 261 2543 illa
284 2475 400 2542 Paulli
415 2476 586 2542 sedulitas.
601 2506 606 2513 ·
630 2475 679 2541 At
699 2476 811 2540 omisit
833 2475 1036 2545 Muretorins
1050 2495 1118 2540 non
1135 2476 1244 2540 solum

136 2586 236 2647 notas
259 2578 406 2659 Gruten,
430 2577 489 2643 sed
511 2583 544 2643 ot
558 2578 812 2667 enarrationem,
826 2597 940 2642 earum
951 2577 1142 2656 lectionum,
1159 2596 1244 2661 qrras

8 2758 9 2761 ,
136 2684 193 2755 illa
208 2682 378 2750 Codicum
394 2680 623 2747 Palatinornm
644 2701 709 2766 ope
723 2686 905 2766 receperat,
926 2681 974 2747 ita
988 2688 1023 2745 ut
1045 2680 1117 2764 ojus
1131 2700 1245 2745 recen·

137 2788 202 2867 sio,
216 2786 312 2873 quod
325 2804 391 2852 usu
405 2785 565 2866 intellexi,
579 2785 692 2850 multis
711 2785 800 2851 locis
815 2804 837 2850 a
858 2790 952 2850 textu
976 2774 1156 2849 Muretorii
1178 2783 1247 2848 dis·

139 2898 272 2978 crepet·
308 2888 365 2956 Ex
376 2891 501 2974 quibus
515 2891 671 2955 omnibus
686 2890 871 2968 conficitur,
886 2909 927 2953 ne
945 2887 1096 2954 historias
1111 2887 1247 2973 quidem

138 2995 298 3063 miscellae
318 3013 420 3059 unam
444 2993 608 3059 mansisse
622 2999 656 3060 et
669 2998 882 3087 constantem
897 2993 1030 3070 faciem,
1044 2992 1105 3056 sed
1120 2991 1246 3056 multos

141 3104 271 3184 postero
285 3099 392 3166 etiarn
404 3100 553 3180 tempore
570 3102 731 3162 centones
745 3096 851 3160 inisse
866 3094 1018 3179 injectos.

423 3254 645 3326 GAROLUS
668 3254 922 3323 HENRICUS
944 3251 1247 3323 TZSCHUGKE.

640 3510 752 3565 NOTAE

179 3624 235 3678 ¹111
246 3625 311 3690 illis,
327 3635 387 3690 qnae
405 3635 439 3672 cx
447 3618 568 3673 Palatino
580 3618 680 3672 codice
719 3619 823 3672 omuino
831 3616 966 3679 historiam
984 3613 1084 3667 mendis
1103 3612 1251 3681 inquinatis·

146 3708 239 3773 prinu
250 3705 339 3761 edidit
349 3695 538 3768 creterram
547 3700 595 3751 lib.
610 3697 680 3766 xvi.)
716 3696 810 3747 simun
821 3708 878 3746 esre
891 3700 987 3760 preter
1003 3692 1069 3743 alios
1082 3692 1137 3757 jam
1150 3690 1252 3742 notavit

147 3786 226 3836 nolu
234 3790 297 3837 sunt
308 3785 438 3846 suspecte
449 3775 520 3842 fidel,
530 3792 590 3844 qun
600 3776 681 3841 scrip·
720 3773 875 3826 Holateaiur
884 3771 918 3821 ad
925 3769 1089 3834 stapham
1100 3784 1126 3833 p.
1137 3771 1178 3819 79.

149 3862 209 3913 toris
228 3857 390 3925 inperitiam
419 3859 542 3919 manunt,
571 3858 680 3904 notante
753 3849 812 3901 ⁶10
823 3847 929 3899 histoire
946 3844 1067 3910 generale
1083 3844 1130 3895 dea
1146 3848 1252 3895 auteur·

150 3937 289 3990 Pnclrasio
299 3933 442 3990 Quesnello
454 3933 487 3984 ad
506 3932 621 3982 Iaeonem
639 3928 680 3979 M.
720 3942 806 3979 sacres
820 3922 1070 3990 eteoclesiaatiqnes
1080 3923 1253 3974 Turnum.

149 4014 237 4068 dtus.
257 4030 287 4082 p.
297 4018 356 4065 alt.
372 4018 402 4064 et
417 4027 451 4063 ex
470 4026 502 4062 eo
523 4007 629 4060 Ernesti
647 4006 681 4057 ad
720 4020 748 4072 p.
760 4008 818 4061 m.

150 4094 299 4149 rendum
316 4106 342 4145 c.
359 4091 379 4142 l.
400 4092 497 4157 plu.
529 4084 581 4137 Sed
599 4090 681 4135 totam
755 4077 840 4132 1(3.1.

220 4320 490 4434 ῡιῌ;ἀ1’σ’.01υ.
650 4357 752 4427 Buten·
802 4360 807 4373 '
