2992 4875
559 349 609 399 nn
638 347 842 401 rurnorro.
1208 327 1253 395 87

144 493 315 564 aGroeois
329 493 402 561 fleri
416 494 535 572 soient,
553 494 609 561 rel
622 501 814 577 argrrmsnto
828 492 910 559 iliud
924 492 997 572 erit,
1013 492 1104 579 quod
1116 492 1252 581 Capito,

139 598 319 665 historicus
366 596 503 683 Lycios,
525 598 686 683 epitomes
709 596 862 681 Eutropii
885 595 1063 684 μιτίιφρασιν
1083 600 1255 684 scripserit

139 701 280 769 Graece:
313 706 351 767 nt
376 702 502 768 Soidas
524 702 623 768 docet
644 707 679 768 in
703 700 848 768 Karissa
894 702 1002 767 Immo
1023 709 1058 769 et
1079 697 1252 783 Simicros,

141 805 174 887 in
189 803 395 890 Appendice
418 805 632 872 bibliothecas
646 804 801 885 Gesneri,
826 810 979 885 testator,
1000 807 1036 870 in
1049 806 1255 874 bibliotheca·

139 908 181 977 P.
212 908 347 976 Pithoei
378 916 494 976 extare
526 910 663 975 natanto
696 908 875 999 μπάφςασιν
909 909 1075 978 Romanae
1099 911 1253 995 Eutropii

139 1012 318 1079 historiae.⁵
364 1012 417 1080 Ac
432 1014 528 1079 video
543 1014 699 1099 quaedam
713 1034 758 1080 ex
772 1013 914 1080 Paeanio
927 1014 991 1079 hoc
1006 1015 1103 1080 citari
1126 1035 1148 1079 a
1169 1015 1252 1081 Sca·

70 1105 76 1118 ’
139 1113 254 1198 ligero.
301 1113 511 1200 compendio
540 1115 691 1201 Eutropii
716 1115 846 1180 Paulus
861 1116 1045 1197 Diaconos,
1060 1118 1150 1183 malo
1171 1137 1252 1184 sana

142 1213 312 1304 exempb,
327 1237 391 1284 sua
411 1219 560 1302 intersit3
581 1228 622 1286 nt
634 1220 741 1303 liquet
763 1218 978 1296 ernndecim
994 1222 1112 1305 primis
1130 1220 1252 1286 Histo-

140 1323 198 1388 riae
215 1309 387 1389 Miscellae
409 1322 523 1389 libris:
553 1323 596 1389 de
617 1323 741 1408 quibos
757 1323 917 1401 dicemus,
941 1343 1017 1388 cum
1039 1323 1083 1388 nd
1107 1323 1254 1389 Paolum

143 1425 338 1502 Diaconum
351 1425 526 1492 deventum
542 1427 615 1493 crit.
660 1425 815 1492 Meminit
828 1433 864 1496 ct
877 1425 1031 1511 Eutropii
1045 1426 1141 1493 Beda
1158 1426 1252 1495 Hist.

141 1526 243 1614 ingl.
270 1529 348 1594 Lib.
373 1547 397 1595 r.
421 1550 453 1595 c.
477 1531 531 1595 ll.
556 1536 601 1610 et,
628 1530 839 1620 quisaecnlo
862 1536 933 1595 toto
949 1530 1047 1596 Beda
1061 1529 1175 1616 junior
1190 1536 1253 1610 est,

144 1631 351 1699 Hincmarns
375 1632 585 1734 Rbemeosis
610 1634 775 1718 opuscolo
799 1634 843 1700 ad
874 1634 1096 1700 Hincmarom
1121 1633 1257 1700 Iandu-

143 1757 282 1802 nensem
303 1757 379 1822 cap.
402 1737 456 1803 16.
478 1738 550 1808 ¹obi
587 1737 629 1803 de
644 1738 807 1832 ,castello
823 1737 985 1816 Laudnno
1013 1740 1156 1823 loquens
1189 1738 1255 1805 ait:

145 1839 285 1921 ‘Quod
319 1841 409 1908 sicut
442 1841 635 1928 Eutropius,
659 1843 818 1928 antiquus
838 1842 1134 1928 historiographus,
1157 1842 1254 1921 dicit,

146 1952 283 2010 auctore
307 1945 501 2013 Marcobrio
533 1950 675 2032 praetore
706 1946 887 2026 conditum,
910 1946 1115 2013 abexordio
1145 1947 1198 2012 sui
1219 1950 1256 2013 in

146 2049 347 2133 paganismo
369 2049 454 2114 inter
476 2049 644 2128 civitates,
668 2051 722 2116 vel
759 2052 981 2134 provinciales
1003 2051 1113 2131 sedes,
1135 2071 1257 2120 nomen

147 2157 178 2236 et
212 2152 329 2219 locum
363 2171 438 2234 non,
460 2151 596 2218 habuit'
640 2151 741 2219 Facit
761 2159 794 2248 et
814 2154 1024 2220 ⁴mentionem
1047 2154 1262 2222 Flodosrdus

148 2254 273 2322 Pontii.
289 2254 390 2356 Rem.
404 2254 481 2321 Lib.
498 2273 521 2320 1.
537 2276 612 2342 cap.
628 2257 661 2322 1.
675 2262 709 2323 et
722 2255 793 2322 Leo
809 2255 976 2323 Ostiensis
996 2256 1071 2344 (qui
1087 2257 1201 2325 Alexii
1223 2264 1258 2325 et

150 2359 291 2426 Hemici
314 2357 429 2447 Impp.
445 2360 650 2445 temporibus
665 2359 744 2441 soit)
760 2360 914 2427 Chronici
930 2358 1122 2427 Casmensis
1137 2362 1214 2430 Lib.
1231 2380 1255 2428 r.

148 2484 224 2551 cap.
240 2465 297 2531 17.
341 2464 396 2531 De
411 2462 575 2550 Eutropio
596 2466 662 2531 hoc
685 2467 791 2541 satis:
814 2486 837 2532 a
857 2477 926 2551 quo
941 2466 1097 2531 diversus
1119 2475 1173 2531 est
1186 2464 1257 2533 Eu·

147 2569 273 2653 tropins
287 2566 551 2651 grammaticus,⁶
571 2589 673 2653 qoem
688 2568 730 2634 de
750 2569 855 2635 literis
876 2576 992 2647 testem
1005 2569 1258 2636 laodatPrisci·

150 2691 235 2737 auos
258 2671 337 2736 Lib.
354 2688 378 2735 r.
400 2672 479 2737 item
494 2671 677 2757 Eutropius
698 2673 863 2751 medicus,
882 2677 1083 2767 ⁴memoratos
1094 2671 1258 2741 Marcello

148 2772 323 2860 Empirico
337 2772 469 2859 praet'at.
483 2775 594 2860 operis
604 2775 645 2840 de
659 2775 922 2871 medicamentis.

379 2960 554 3030 Bantnar
569 2962 776 3054 Bunffocius⁷
800 2964 837 3030 de
855 2959 1021 3052 Eutropio.
1050 2998 1053 3007 ·
1094 3002 1100 3012 ·

191 3081 335 3148 Flavius
358 3081 539 3170 Eutropius
561 3084 678 3151 decem
709 3085 917 3152 brevissimis
948 3084 1044 3150 libris
1066 3083 1258 3150 Romanam

148 3184 325 3252 uuonan
347 3185 488 3267 strictim
509 3189 722 3274 complexus,
746 3189 846 3254 Pauli
868 3189 1015 3255 Diaconi
1036 3187 1160 3273 injuria
1181 3203 1259 3270 pro-

151 3288 285 3369 ductus,
299 3308 341 3354 ao
355 3308 400 3355 ex
422 3290 574 3361 conserto
589 3291 727 3358 dilutior
740 3291 879 3359 effectus
893 3308 1026 3357 omnem
1039 3309 1138 3378 paene
1153 3287 1259 3372 digni·

151 3398 254 3460 tatem
277 3394 411 3478 amisit3
433 3395 538 3464 donec
561 3395 651 3463 fideli
665 3417 768 3483 opera
775 3396 913 3462 Antonii
928 3393 1110 3461 Schonovii
1122 3392 1158 3458 in
1174 3393 1260 3482 inte·

655 3625 763 3679 NOTAE

181 3746 197 3792 ὅ
216 3739 441 3792 Codexirteidem
450 3741 619 3793 videturesse
628 3755 687 3792 cam
724 3726 836 3793 Tenum.
849 3740 987 3792 Prisciani.

153 3833 194 3882 eo,
204 3817 282 3884 enjus
293 3819 465 3870 meminerunt
477 3819 600 3885 catalogi
607 3817 688 3884 Brbrj·
738 3844 743 3855 ·
760 3802 923 3870 7'Bouifacii
933 3817 1009 3881 hujus
1020 3816 1055 3867 de
1066 3816 1190 3868 Romana
1198 3813 1260 3865 His·

154 3897 256 3947 otbecae
278 3895 445 3946 &moenaio
461 3897 506 3962 qui
517 3893 585 3947 'anno
596 3909 688 3949 nuncu.
729 3897 804 3948 torio
815 3895 986 3965 scriptoribus
993 3895 1134 3958 discerpta,
1141 3893 1261 3943 venetiis

154 3969 321 4038 prodimt,
341 3970 481 4023 duodecim
495 3986 591 4038 nempe
616 3974 690 4023 annis
728 3989 810 4041 paros
826 3984 931 4034 excom,
951 3978 980 4021 et
997 3970 1024 4020 in
1046 3969 1187 4021 Germania
1206 3966 1263 4021 iere

155 4056 215 4117 post
240 4049 385 4101 editionem
414 4047 539 4101 flantia
552 4051 689 4111 ,Romm
729 4048 1020 4114 invimurtngticsoa
1035 4047 1194 4098 bibliotheca
1204 4060 1266 4118 pros

155 4125 319 4190 Scriptorum
326 4124 479 4176 Graecorum
486 4118 690 4194 sylturgta'nrm.
731 4128 813 4180 traxit
824 4130 852 4178 et
870 4122 1028 4176 Hetmstadii
1045 4123 1158 4191 imprimi
1176 4123 1263 4181 deuon

186 4206 204 4252 d
219 4199 459 4254 Undeirocdidicit
466 4202 585 4255 i'osrtns?
596 4205 691 4255 Nonne
731 4203 834 4258 convii
845 4202 886 4256 Cl.
896 4202 1069 4254 Bormanon.

158 4278 234 4347 pion
244 4277 353 4346 seripdt
364 4277 523 4348 Eutropius?
538 4281 571 4334 V.
581 4294 653 4348 supr.
664 4282 693 4343 ip
