2992 4875
638 345 721 396 car.
745 346 804 395 ru.
1212 327 1255 393 11

148 490 321 579 prretorio,
342 491 389 555 ad
415 495 530 575 putes
553 487 784 573 Hambergeri
815 488 1023 573 gravioribus
1047 489 1158 555 tamen
1183 506 1255 552 mo-

148 597 273 661 mentis
295 594 479 678 impulsos.
522 591 670 657 Primum
694 596 781 659 enim
797 595 898 657 causa
910 591 1061 676 epistolre
1077 590 1120 656 ad
1137 589 1255 655 Eutro-

143 699 242 783 pium
256 699 291 762 in
309 691 449 761 Godiorf
478 697 536 760 illo
550 695 683 779 spectat
705 695 737 760 N
740 697 859 761 icaenae
884 693 960 760 fidei
979 696 1254 759 sustentationem

148 807 182 865 et
195 819 314 884 provee
329 799 499 880 religionis
522 798 763 881 dejectionem
797 818 840 862 ex
854 818 922 882 quo
935 797 1085 875 efficitur,
1098 795 1187 881 qnod
1201 804 1254 861 ta·

148 922 223 967 men
247 903 385 967 dubium
408 908 471 979 est,
494 899 693 984 Eutropium
714 901 878 984 grandiori
902 905 999 966 aetate
1021 899 1062 965 ad
1087 901 1254 981 religionis

149 1001 353 1071 Christianae
370 1024 469 1069 sacre
483 1025 519 1069 se
538 1008 752 1070 convertisse.
797 1004 953 1069 Succedit
977 1004 1043 1067 alia
1064 1000 1252 1081 difficultas,

148 1128 248 1192 quarn
265 1109 386 1191 objicit
399 1109 558 1192 temporis
572 1109 666 1174 ratio.
711 1108 837 1172 Narrat
847 1110 934 1172 enim
948 1104 1158 1188 anonymae
1183 1105 1252 1182 ille,

149 1208 346 1294 Eutropium
371 1216 533 1290 nostrum,
559 1211 616 1296 qui
638 1210 809 1276 lulianum
833 1212 1013 1276 comitatos
1035 1217 1106 1273 erat
1127 1209 1169 1273 ad
1184 1207 1253 1273 bel-

147 1312 217 1377 lum
243 1312 429 1390 Persicum,
455 1333 530 1378 eum
553 1314 628 1378 aliis
653 1314 852 1398 quibusdam
876 1321 1031 1379 accurate
1048 1311 1248 1395 exposuisse

147 1414 189 1479 de
216 1413 530 1499 Constantinopolis
563 1417 800 1496 exstructione,
830 1424 865 1482 et
897 1436 1061 1501 exponere
1089 1415 1250 1499 potuisse,

141 1515 228 1602 'quia
242 1519 340 1583 luerit
352 1516 451 1595 leeris
466 1519 514 1581 rari
526 1519 666 1607 συνίστωρ
678 1526 733 1583 τῶν
745 1519 811 1584 ro‘rr
824 1518 1016 1607 πραχθέντων.
1062 1518 1105 1584 Et
1120 1520 1169 1582 sic
1186 1516 1252 1583 Co·

144 1616 260 1684 arnust
286 1619 484 1704 Eutropium
501 1622 640 1700 αὐτόπτην
656 1630 711 1686 τῶν
723 1629 877 1699 τηνικαῦτα
893 1622 1073 1711 πραχθέντων
1084 1623 1188 1688 fuisse
1201 1619 1251 1685 as·

145 1722 266 1788 lirnret.
310 1722 438 1789 Eodem
460 1745 540 1790 vero
564 1733 713 1811 tempore
731 1727 948 1792 Constantino
975 1728 1024 1791 M.
1039 1729 1082 1791 ab
1098 1723 1250 1810 epistolis

144 1825 250 1890 inisse
261 1826 402 1905 videtur,
418 1828 509 1913 quia,
533 1828 612 1893 dum
633 1829 787 1912 singulos
803 1831 892 1895 illins
912 1833 959 1896 rei
975 1837 1086 1908 testes,
1102 1849 1185 1915 quos
1200 1847 1250 1891 rc·

147 1936 295 2006 censent,
319 1930 391 1993 suis
410 1931 624 2013 dignitatibus
644 1934 835 2016 insigniunt,
850 1935 939 1998 illam
954 1939 1066 1999 nostro
1088 1934 1249 1999 tribuunt.

146 2030 248 2112 Quod
258 2034 289 2095 si
305 2034 405 2115 igitur
420 2032 606 2119 Eutropius
620 2043 731 2100 noster
746 2056 833 2100 anno
845 2037 921 2115 330,
933 2056 1001 2121 qno
1016 2035 1252 2101 Constantino·

145 2137 252 2219 polim
268 2136 435 2200 conditam
451 2156 526 2201 esse
535 2143 679 2216 constat,
692 2158 848 2204 annorum
862 2141 926 2205 suit
939 2139 994 2217 30,
1010 2138 1100 2224 quod
1116 2137 1249 2222 quide'rn

144 2237 429 2324 poni'commode
451 2242 583 2323 poterit,
605 2239 694 2319 iude,
718 2242 845 2307 omisso
870 2245 1012 2306 nurnero
1042 2240 1247 2317 centenario,

143 2342 215 2409 liceo
230 2343 346 2408 artatis
371 2343 447 2426 ejus
468 2344 554 2407 ratio
579 2342 681 2408 focile
706 2345 842 2409 existit:
874 2343 1054 2427 Eutropius
1069 2341 1249 2427 proconsul

141 2445 240 2511 Asiae
255 2453 356 2511 natus
370 2446 434 2512 fuit
451 2466 557 2512 annos
570 2447 626 2513 73.
651 2446 835 2534 preelectus
848 2449 1007 2532 proetorio
1016 2465 1124 2510 annos
1139 2448 1194 2509 el.
1210 2452 1248 2527 et

140 2550 170 2614 si
196 2549 287 2614 idem
309 2549 426 2614 consul
447 2546 510 2615 fuit
533 2550 567 2614 in
590 2547 727 2615 Oriente
748 2570 780 2616 a.
801 2549 881 2616 387.
908 2570 985 2616 curn
1009 2548 1044 2615 V
1078 2549 1247 2613 entiniano

141 2669 198 2717 ιιι.
210 2657 247 2716 et
260 2657 343 2734 post
354 2669 385 2717 a.
395 2651 471 2718 399.
486 2653 536 2716 uti
545 2657 645 2736 putot
658 2650 908 2732 Gotnofredus}
938 2673 1012 2718 earn
1028 2656 1158 2718 etatem
1173 2648 1249 2713 atti·

140 2756 199 2837 git,
216 2773 297 2839 quae
312 2761 347 2819 et
360 2755 437 2839 ipsa
450 2762 502 2821 est
525 2755 672 2835 insolite,
695 2765 730 2822 et
755 2757 958 2822 sustinendis
978 2755 1122 2839 negotiis
1147 2752 1247 2838 plane

139 2859 259 2943 imper.
304 2857 491 2924 Miscentur
512 2860 613 2942 igitur
634 2861 685 2925 sic
707 2861 833 2927 diversi
857 2859 1021 2946 Eutropii,
1037 2859 1121 2923 etin
1145 2873 1246 2920 unum

142 2969 375 3044 congeruntur,
389 2982 466 3047 quar
476 2963 588 3048 plnres
603 2964 669 3028 sibi
684 2971 773 3031 recte
787 2964 968 3030 vindicant.
1001 2959 1101 3040 Quod
1115 2959 1246 3024 sienim

139 3064 244 3144 detur,
267 3072 414 3132 nostrum
431 3068 533 3133 inisse
556 3067 652 3135 Asiae
673 3071 958 3155 proconsularem,
984 3071 1044 3135 rix
1065 3076 1175 3134 tamen
1198 3062 1243 3126 ad

141 3166 233 3233 illurn
257 3170 401 3254 pertinet
423 3170 624 3255 prmsectura
656 3174 827 3257 praetorio,
848 3174 954 3239 multo
975 3173 1085 3236 minus
1106 3174 1245 3250 uterque

134 3272 346 3351 consulatus,
371 3292 467 3357 quem
490 3275 578 3340 mele
603 3275 779 3341 confundit
801 3274 1041 3353 Gothofredus,
1065 3277 1101 3336 ut
1128 3274 1245 3335 contra

141 3373 233 3439 illum
261 3376 445 3442 docuerunt
471 3377 727 3446 Tillemontiusl
746 3387 782 3445 et
804 3373 981 3447 ltitterue.k
1023 3374 1132 3455 Quem
1156 3372 1245 3435 enim

143 3474 321 3543 Consulem
337 3498 370 3544 a.
386 3476 428 3544 Ο.
442 3479 520 3546 399.
556 3480 708 3549 Arcadio
730 3483 915 3568 imperante
933 3480 1122 3566 producunt
1136 3473 1243 3558 scrip·

143 3582 240 3662 tores,
255 3579 321 3647 suit
335 3582 365 3647 is
381 3578 564 3651 Eunuchus
578 3586 635 3652 ille
658 3586 927 3667 scelestissimus,
942 3586 976 3650 in
991 3601 1092 3667 quern
1106 3577 1245 3669 scripsit

639 3822 747 3875 Nom

172 3937 181 3973 r

171 3945 370 4084 ῐιῦἒῗιῐὶᾳι.
393 4019 555 4074 Onnrtmtin.
576 4022 623 4075 lib.
647 4036 670 4074 r.
709 3945 870 4105 &irenae
887 4017 935 4069 der
957 4016 1116 4081 Euporum
1133 4012 1243 4066 Tema.

142 4098 240 4222 ’Tim
250 4171 569 4243 effeminent.
708 4101 805 4224 ,2312ss
816 4099 974 4239 meet.
1001 4169 1067 4241 cer.
1094 4167 1191 4222 mur.
1213 4180 1243 4233 p.

172 4246 223 4299 'lu
252 4263 407 4314 proropogr.
439 4251 503 4302 cer.
536 4251 667 4306 Theodu.
709 4255 752 4301 62.
