2992 4875
268 355 314 422 ld
687 372 737 422 or
761 372 950 424 nurnorro

267 518 472 586 existimant
524 517 673 584 Eandem
700 518 803 585 etiam
831 536 983 599 cansam,
1008 540 1068 587 cnr
1094 520 1302 610 unomen
1331 545 1369 590 se

268 620 463 706 Eutropium
476 621 511 686 in
528 620 655 686 loliani
670 621 743 700 vita
759 619 950 707 discrepare
964 623 1100 704 scribat,
1115 644 1184 690 non
1196 632 1317 692 temere
1331 627 1370 692 in

266 724 354 790 notia
369 725 562 809 suspicatur
577 722 804 804 Chilmeadus,
814 725 994 811 studiique,
1009 729 1039 791 si
1059 725 1266 795 Christianus
1283 729 1371 796 fuis·

266 835 328 908 set,
343 827 468 894 indicia
481 828 516 893 in
531 827 611 893 vitis
631 825 837 894 Diocletiani
860 837 894 897 et
916 829 1124 896 Constantini
1137 839 1301 916 repertum
1328 834 1369 899 iri

265 926 518 996 'lillemontius‘
554 927 645 996 Inter
667 936 843 1015 utramque
865 932 1058 1018 opinionem
1074 933 1252 998 fluctuatur
1265 934 1370 1000 Boni·

265 1025 395 1115 sacius,J
412 1054 474 1100 nec
487 1034 611 1118 liquere
624 1037 731 1118 putat,
743 1054 846 1117 quam
859 1034 1233 1121 religionemprolessns
1250 1036 1369 1122 fuerit3

266 1137 392 1222 qnippe
405 1136 498 1224 quod
520 1138 555 1203 in
579 1138 760 1203 colliminio
775 1140 984 1204 tenebrarum
1000 1144 1034 1204 ct
1052 1139 1139 1204 lucis
1154 1139 1370 1220 constitutus,

264 1260 328 1306 nec
353 1261 556 1327 paganorum
579 1242 661 1307 ritus
684 1242 852 1328 probaret,
876 1262 936 1307 nec
960 1240 1093 1307 Christo
1118 1247 1227 1306 tamen
1248 1261 1369 1309 nomen

265 1339 345 1409 dare
372 1343 518 1412 auderet.
572 1343 640 1410 Sed
666 1341 793 1409 dirimit
818 1344 1093 1429 disceptationem
1121 1341 1212 1409 illam
1234 1365 1369 1429 remque

264 1455 375 1532 aperte
389 1454 529 1514 testatur
542 1446 577 1514 N
578 1446 757 1532 icephorus
770 1442 967 1529 Gregoras}
986 1446 1045 1532 qui
1058 1447 1152 1511 illum
1163 1452 1264 1511 vocat
1276 1450 1368 1511 ἄλλο·

266 1551 358 1626 Φόλου
372 1548 518 1642 terrula,
528 1550 676 1640 τρόφιμον,
691 1551 769 1616 etri
788 1551 864 1615 sola
877 1551 1027 1615 veritatis
1041 1551 1143 1617 ictum
1157 1548 1369 1616 Constantini

265 1655 316 1722 Μ.
339 1657 477 1723 virtutes
495 1657 700 1742 praedicasse
723 1655 853 1733 scribit,
874 1654 908 1718 iu
932 1673 973 1718 eo
998 1652 1133 1739 quidem
1156 1653 1277 1739 majori
1300 1652 1367 1718 fide

264 1759 412 1844 dignum,
437 1761 483 1823 duel
499 1761 532 1825 rd
550 1764 600 1837 τῆς
622 1755 769 1845 θρησκείας
788 1753 968 1834 ἀκοινώνητον
988 1756 1037 1820 καὶ
1060 1754 1210 1834 ἡλικιώτην
1230 1759 1298 1840 ὁμοῦ
1316 1755 1366 1819 καὶ

264 1862 588 1953 aigarrdrar'looataro'o'
606 1857 784 1948 γιγνέσθω.
828 1859 1012 1943 Eutropios
1032 1867 1141 1925 autem
1159 1858 1367 1926 Christianos

262 1964 424 2033 habemus
452 1969 549 2046 alios,
575 1987 597 2031 a
616 1971 733 2031 nostro
767 1965 865 2049 plane
889 1963 1051 2042 diversos,
1077 1963 1120 2029 de
1143 1964 1366 2056 quibuscum

263 2070 409 2136 alienum
425 2071 470 2136 sit
483 2090 505 2135 a
518 2090 592 2135 mco
607 2068 748 2134 consilio
765 2049 944 2146 disserere,
956 2065 1016 2150 qui
1027 2085 1227 2150 cognoscere
1242 2066 1366 2149 cupiat,

262 2171 436 2239 commode
451 2171 623 2239 consulere
635 2169 759 2257 poterit
773 2165 989 2233 Fabricinm.¹

724 2388 830 2458 CAP.
860 2387 906 2456 V.

558 2519 630 2613 'aa
652 2559 822 2617 scnrrrts
847 2560 1040 2609 aoraorn.

304 2680 498 2749 Irnorurr
506 2683 652 2749 maxime
662 2680 844 2765 Eutropius
852 2678 1175 2745 breviariohistoriae
1186 2677 1365 2757 Romanae,

128 2854 134 2865 ,
260 2784 297 2851 in
310 2786 426 2851 decem
438 2786 545 2851 libros
557 2784 738 2868 descripto,
752 2784 844 2868 quod
857 2782 1074 2867 Imperatoris
1089 2781 1243 2847 Valentis
1254 2781 1365 2867 jussu,

260 2892 299 2955 ut
312 2889 385 2974 ipse
399 2889 433 2953 in
443 2889 635 2972 praefatione
649 2887 804 2968 affirmat,
820 2886 979 2965 confecit,
993 2891 1027 2950 et
1040 2884 1116 2950 inde
1131 2885 1176 2949 ab
1189 2885 1271 2950 urbe
1286 2905 1366 2950 con·

259 2984 342 3071 dita,
358 2991 402 3055 ad
429 2989 580 3057 Valentis
604 2996 757 3075 tempora
780 2988 933 3068 deduxit,
958 2987 1085 3073 quippe
1107 2987 1297 3071 inquibus,
1321 2985 1365 3052 ad

259 3093 442 3159 liberiorem
469 3099 503 3158 et
526 3094 723 3161 ornatiorem
748 3090 923 3158 historiam
952 3096 1204 3176 separaturus,
1229 3088 1362 3157 desinit.

259 3190 296 3260 Si
313 3193 477 3263 Codicum
493 3196 700 3281 quorundam
721 3196 825 3263 lectio
852 3199 1028 3274 constaret,
1046 3194 1081 3259 in
1096 3193 1220 3277 quibus
1233 3191 1365 3260 Valens

262 3291 412 3363 Gothicus
425 3304 573 3378 vocatur,
588 3297 698 3364 editus
711 3298 811 3364 fuerit
824 3299 880 3363 hic
895 3298 979 3362 liber
998 3301 1077 3380 post
1095 3315 1217 3361 annum
1233 3292 1272 3360 C.
1286 3295 1364 3362 376.

259 3403 327 3487 quo
346 3399 458 3466 foedus
473 3421 551 3466 cum
567 3399 690 3466 Gothis
713 3401 790 3467 iniit
815 3400 954 3477 Valens,
970 3405 1003 3464 et
1027 3407 1101 3465 ante
1117 3418 1171 3462 an.
1196 3398 1273 3464 378.
1293 3416 1363 3483 quo

259 3501 392 3568 occidit.
437 3500 486 3567 At
498 3502 700 3587 refragantur
714 3508 841 3568 tantum
860 3523 927 3568 non
940 3521 1054 3567 omnes
1066 3502 1147 3566 boni
1165 3499 1310 3567 Codices
1330 3507 1364 3567 et

257 3604 421 3672 editiones
434 3606 582 3690 antique
597 3612 674 3671 ante
700 3604 958 3686 Schonhovium,
981 3606 1030 3670 ita
1050 3612 1088 3671 ut
1109 3605 1269 3690 temporis
1283 3603 1362 3669 iude

758 3789 866 3843 NOTAE

289 3906 303 3943 ¹·
327 3908 361 3960 ln
382 3910 518 3979 chronogr.
538 3911 586 3963 lib.
610 3926 674 3965 xrrr.
702 3929 728 3980 p.
747 3919 788 3966 n.
829 3913 1036 3965 torneeclean.
1053 3916 1095 3965 80.
1110 3917 1171 3978 Μ.
1187 3909 1254 3978 (rid.
1274 3909 1362 3962 inFr·

257 3985 350 4055 (Ver.)
829 3994 905 4044 bricii
923 3993 983 4045 nat.
1005 3991 1115 4058 eccles.)
1138 4007 1176 4055 re,
1196 3988 1267 4057 quod
1286 3998 1362 4043 cerlo

269 4084 275 4093 ·
289 4064 297 4099 ¹
312 4066 345 4116 lu
360 4067 420 4116 laist.
431 4068 477 4119 der
493 4069 651 4134 Emperenrr
661 4069 733 4120 Tum.
744 4082 789 4120 nr.
828 4077 938 4133 antrat,
948 4082 999 4120 nou
1010 4069 1106 4119 habere
1116 4068 1192 4119 dicit.

257 4155 283 4208 p.
296 4147 352 4195 lto.
861 4144 1277 4198 *reontioneencomlutct

286 4216 384 4270 lloco
404 4235 484 4286 supra
501 4220 626 4275 indicato.
668 4223 714 4275 dle
732 4221 788 4275 An·
861 4221 869 4257 ¹
883 4223 1054 4289 c.1.p.1rr.
1071 4236 1111 4291 eq.

257 4293 347 4347 bertar
357 4297 466 4349 Mitem
476 4297 503 4350 iu
512 4299 632 4352 auctario
651 4300 686 4352 de
703 4300 786 4367 scrip·
