2992 4875
305 347 483 398 nnnvrso.
507 348 606 401 nisu.
628 349 721 403 noir.
745 349 820 407 nm.
841 352 892 405 ro.
915 351 997 407 ose.
1019 337 1053 406 2.
1121 379 1127 389 ·
1165 342 1234 411 til

134 506 182 557 qao
191 489 321 543 Hudhsl
333 491 461 547 nomos
470 493 659 545 tooeooerooo·
699 496 792 559 psoniu
799 498 963 562 Consulibus,
974 501 1034 552 Lir.
1045 502 1064 551 1.
1074 514 1144 557 m.
1155 518 1179 557 e.
1189 508 1232 557 44.

134 568 179 630 pit,
188 575 215 623 et
225 583 318 617 unum
330 572 424 620 hibin
437 584 513 634 quem
528 571 588 623 linis
598 571 659 622 belli
698 569 748 621 hoc
765 580 806 623 est
824 576 964 627 secundum
983 578 1076 633 Fusius
1098 579 1131 629 A.
1151 582 1185 633 ti.
1197 583 1231 632 C.

134 645 330 707 Punitiineidit,
338 660 552 697 annumeremus:
571 662 659 699 varum
699 659 819 700 nxxxsr.
838 651 895 701 Liv.
915 665 974 703 nr.
985 658 1011 704 o.
1027 654 1127 707 finitum
1143 656 1231 722 (livio

134 734 211 787 usqne
227 728 281 772 tum
295 722 473 774 novemdecim
490 726 660 776 annoshabe·
699 724 794 783 iterum
816 739 884 777 xxx.
900 729 954 791 44.)
975 731 1024 780 Cn.
1045 732 1177 796 Cornelio,
1197 735 1230 787 Ρ.

134 810 197 863 nas,
208 805 236 849 ut
251 805 329 862 potat
345 799 385 849 vir
397 799 477 851 Doet.
494 801 547 851 Sed
563 801 659 852 bellum
698 802 767 853 liiiio
778 803 854 855 Poro
872 806 943 858 Coss.
961 807 995 860 A.
1011 815 1182 877 nuuatqtte
1194 813 1232 863 ita

133 874 217 937 initum
238 873 291 927 snit
310 875 344 927 P.
362 876 496 942 Cornelio,
509 878 568 929 ‘litu
587 879 659 931 Sem·
699 890 760 946 post
771 885 955 947 septemdecim
967 902 1057 939 annun
1075 888 1148 941 Veri.

559 1423 707 1493 LIBER
728 1423 794 1494 IV.

161 1696 256 1750 cred.
274 1697 406 1771 lhmmcto
424 1699 516 1752 Posito
531 1700 600 1767 leth]
616 1702 655 1753 Ut
696 1702 891 1768 Quingmtesisso
906 1707 932 1754 et
947 1700 1135 1769 qsimmgorirso
1148 1698 1231 1754 trolirs

131 1773 205 1825 trihus
215 1776 285 1828 libris
298 1776 510 1843 precedentibus
522 1780 654 1845 complex·
693 1780 762 1830 Vide
771 1781 804 1831 de
814 1782 864 1833 hae
873 1795 901 1833 re
910 1780 1122 1846 Pighinm,'l'um.
1131 1793 1163 1831 ιι.
1174 1779 1229 1829 An·

131 1858 206 1902 esest
215 1860 291 1904 autur
305 1854 448 1917 historiam,
458 1870 516 1922 qun
529 1862 570 1906 est
584 1856 654 1920 apud
693 1856 746 1907 nal.
773 1871 835 1921 pag.
860 1860 920 1909 241.
947 1856 1017 1908 Item
1044 1854 1176 1921 Sigoninm
1200 1861 1230 1906 et

131 1925 222 1979 livium
239 1930 265 1980 in
281 1931 368 1982 tribus
386 1932 476 1997 primis
496 1933 654 1997 Decadihus,
694 1933 801 1998 Onuph.
820 1933 854 1983 ad
871 1932 963 1983 Festos
982 1933 1121 2000 Capitolia.
1137 1932 1232 1985 Hem.

130 2000 172 2053 hoe
188 2011 228 2057 ert
244 2006 318 2058 libris
340 2021 412 2059 xxx.
431 2009 468 2058 ita
483 2009 525 2058 hie
536 2008 604 2059 liber
615 2023 652 2059 ιν.
693 2009 735 2060 De
753 2024 821 2061 auno
840 2011 890 2061 hoc
911 2010 994 2060 minus
1008 2010 1078 2060 inter
1095 2008 1174 2059 viros
1192 2008 1230 2061 D.

129 2079 252 2133 historiam
270 2085 391 2136 continet
407 2085 440 2135 ah
458 2085 492 2137 A.
503 2087 538 2137 U.
550 2087 580 2137 c.
595 2091 652 2139 554.
695 2087 826 2137 convenit.
842 2086 963 2151 Pighius,
979 2086 1100 2151 Sigonius
1117 2085 1145 2135 in
1156 2084 1230 2138 Fast.

129 2167 203 2222 nsque
214 2160 246 2209 ad
258 2158 291 2211 A.
303 2160 340 2211 11.
351 2163 380 2213 C.
391 2166 448 2213 649.
458 2164 507 2214 hoc
518 2170 569 2229 est,
579 2164 655 2215 histo·
695 2161 824 2214 Hearnins
843 2169 871 2212 et
891 2163 1027 2212 (imnerus
1049 2161 1122 2211 tertio
1141 2161 1231 2223 legere
1271 2157 1276 2165 ’

129 2230 186 2283 riam
196 2249 320 2288 annorum
332 2243 374 2288 95.
393 2239 461 2291 Glur.
695 2239 804 2290 malunt.
840 2238 932 2296 Quarto
949 2238 1095 2288 Glareanus
1115 2234 1149 2286 ad
1175 2235 1230 2286 hir.

157 2308 496 2367 &melsinensem
504 2321 587 2367 eontra
595 2317 657 2367 Plri-
696 2322 809 2367 mn&
820 2314 878 2383 (ubi
892 2320 993 2367 tautum
1006 2312 1065 2378 nr..)
1077 2311 1230 2375 etadEpit.
1330 2370 1335 2375 .

128 2383 220 2451 lippum]
236 2389 312 2441 duno
324 2395 350 2440 ὅ.
359 2390 467 2442 secundi
479 2392 542 2442 helii
552 2392 656 2460 Punici,
695 2391 812 2458 ejusdem
823 2390 892 2442 libri.
913 2391 1012 2443 Contra
1022 2388 1127 2440 &surdo
1134 2385 1232 2438 ibidem

127 2460 254 2530 Philippus
262 2467 590 2532 penultimusMacedoniae
599 2485 656 2534 rex,
696 2467 807 2535 praefert
829 2468 958 2519 Dodwell.
980 2468 1006 2517 in
1026 2467 1122 2516 chron.
1143 2463 1232 2514 Grac.

129 2551 182 2589 enm
197 2540 344 2593 Hannibale
355 2550 384 2594 et
395 2543 484 2594 Ptenis
501 2553 593 2596 contra
604 2546 655 2596 Ru·
695 2545 773 2598 Rom.
794 2560 853 2611 qun
869 2544 977 2609 Dionys.
992 2544 1080 2595 Halie.
1099 2541 1233 2606 subjungi·

129 2629 208 2669 nonos
217 2617 301 2671 foedus
310 2619 427 2672 fecerat:
444 2621 505 2687 quia
516 2636 578 2672 vero
588 2623 655 2673 male
696 2630 747 2683 tur,
758 2628 789 2674 nt
798 2628 887 2674 mouet
906 2620 963 2673 cet.
975 2620 1110 2671 Drakenh.
1122 2632 1230 2685 eamque

129 2694 150 2742 ei
161 2697 236 2748 cessit
252 2699 303 2750 hoc
321 2695 415 2762 l‘oedus,
428 2696 522 2749 iterum
535 2711 601 2749 anno
614 2703 653 2751 lo.
695 2698 903 2750 emendationem
915 2713 930 2748 a
942 2698 1045 2749 Cieriuo
1057 2705 1085 2748 et
1096 2695 1230 2746 Crevierio

127 2769 234 2834 ejusdem
252 2773 319 2826 helii
333 2789 425 2839 pacem
442 2772 509 2826 feeit
526 2788 585 2825 cum
602 2776 653 2826 liu·
693 2774 830 2841 probatam
842 2773 931 2825 refert.
965 2773 1130 2825 Orosinsuhi
1149 2770 1231 2822 debu·
1261 2807 1263 2816 .

128 2850 218 2901 nauis:
235 2851 281 2903 sed
301 2866 359 2902 eam
370 2866 431 2902 mox
445 2851 563 2914 violavit,
576 2851 653 2902 misso
694 2860 761 2916 erat,
772 2866 810 2902 ιν.
821 2856 845 2902 a.
862 2851 922 2900 anni
939 2865 990 2901 non
1001 2848 1127 2909 meminit,
1138 2845 1184 2897 sed
1203 2846 1230 2895 in

127 2922 240 2991 Sopatre,
256 2942 310 2978 uuo
328 2941 362 2977 ex
380 2927 530 2992 purpuratis
549 2933 576 2976 et
595 2941 654 2992 pro·
693 2929 778 2979 Fastis
789 2942 846 2978 esse
855 2941 922 2978 narr.
931 2933 1006 2977 notat
1016 2923 1160 2976 Fabricius.
1176 2919 1231 2973 Sed

128 2999 224 3068 pinquis
232 3006 311 3071 regis,
319 3020 378 3056 cum
386 3010 460 3057 4000.
469 3004 653 3069 Macedonum,
694 3005 837 3071 Capitolini
853 3012 881 3055 et
891 3003 971 3074 Siculi
987 3002 1118 3054 Glareano
1130 2999 1231 3051 lavent.

127 3081 153 3125 et
174 3082 291 3145 pecnnia,
313 3082 340 3130 in
358 3078 476 3131 Africam
503 3080 655 3146 Hannibali,
699 3082 771 3134 Veri.

127 3159 247 3213 preterea
260 3156 330 3222 quod
346 3155 497 3207 infestasset
513 3156 540 3206 ln
551 3156 656 3208 Gracia
727 3158 756 3210 Τ.
767 3157 882 3216 Quintius
889 3157 1039 3209 Romaim
1048 3157 1159 3207 odomrsu
1171 3153 1232 3204 Pisi·

128 3229 205 3282 tocius
229 3233 319 3298 populi
348 3234 466 3284 Romani.
508 3232 656 3300 Antiqnata
694 3236 795 3300 lippam]
811 3235 900 3286 Tertio
919 3250 987 3286 anno
1004 3241 1064 3300 post
1082 3248 1159 3299 qoam
1172 3247 1230 3284 cum

128 3302 179 3357 iere
195 3317 252 3361 erat
263 3313 377 3376 rogatio,
395 3328 446 3378 qua
463 3312 561 3364 bellum
580 3313 605 3362 ei
616 3313 654 3363 in·
694 3311 922 3377 Philippoheilnm
932 3307 1230 3375 emptum,'l'.0uintius

127 3378 265 3452 dicebatur,
284 3389 311 3438 ni
333 3387 506 3439 Athenienses
529 3389 655 3440 torsissent
694 3389 755 3440 Cos.
766 3390 826 3453 fnit,
838 3390 881 3455 qui
898 3386 1050 3453 Philippum
1060 3386 1087 3435 iu
1100 3383 1230 3449 angustiis

128 3461 260 3529 negotium,
279 3470 308 3514 et
317 3465 372 3514 Ser.
383 3465 511 3530 sulpitius
523 3466 582 3516 Cos.
599 3467 655 3531 pul·
695 3464 746 3516 Aoi
757 3465 839 3515 amuis
851 3464 924 3526 vluit,
938 3480 969 3515 ae
981 3463 1007 3512 in
1019 3460 1180 3512 Thessaliam
1192 3458 1231 3508 irs

128 3534 444 3607 ohraoratiunepopulnm
455 3543 598 3593 Romanum
611 3558 655 3593 ex·
695 3542 832 3608 compulit,
853 3557 884 3592 ac
905 3540 966 3591 inde
987 3540 1014 3589 in
1037 3535 1230 3589 Macedonium.

128 3611 226 3665 citaret
247 3616 280 3668 ad
299 3618 396 3669 bellum
413 3617 576 3670 inserendum
592 3619 654 3669 Phi·
695 3618 799 3669 Deinde
810 3623 975 3683 reparantem
986 3615 1081 3666 bellum
1092 3612 1124 3662 ad
1135 3612 1233 3676 Cynos·

127 3685 202 3753 ῙῙΡΡΟ·
220 3693 289 3744 le·
695 3694 818 3759 cephalos
828 3693 857 3741 in
867 3691 1002 3742 Thessalia
1020 3689 1093 3750 vicit,
1108 3702 1139 3737 ne
1158 3686 1229 3736 bellu

158 3765 222 3818 Car.
238 3775 263 3821 2.
282 3771 475 3835 Quingeslssimo
497 3777 521 3822 et
541 3772 655 3837 quinquu-
694 3770 774 3821 finem
795 3768 929 3834 imposuit.
956 3768 1027 3817 Glrr.
1070 3759 1156 3828 Vulgo
1174 3762 1233 3821 liu·

126 3842 308 3913 mpsim]
333 3850 492 3915 chronologi
510 3850 593 3899 nostri
612 3865 656 3900 vu·
695 3845 793 3910 minias,
820 3859 869 3895 nec
901 3844 978 3894 aliter
1010 3842 1128 3892 Grauis.
1178 3836 1232 3888 Sed

129 3915 181 3968 lunt
197 3934 271 3972 nuru.
294 3924 371 3975 ΓΜ.
404 3926 521 3991 legend.
535 3925 657 3989 Quingeu·
696 3922 867 3973 Flamininum
894 3920 1044 3986 patricium,
1079 3914 1235 3967 Flaminium

129 3992 205 4043 (Μ
236 3999 425 4062 oslomegesiw
457 4002 555 4050 secundo
587 4015 657 4050 nono.
698 4001 828 4066 plebeium
864 4013 957 4050 nomeu
994 3996 1084 4056 luisse,
1118 3991 1234 4060 ostendit

129 4065 233 4122 Duobus
243 4073 312 4124 enim
323 4073 551 4128 ooouditlerentia
559 4078 656 4142 ubique
697 4078 818 4128 Schuttus
830 4075 861 4126 ad
874 4090 934 4140 cap.
945 4078 986 4124 51.
998 4073 1031 4122 de
1047 4070 1117 4120 Viris
1132 4069 1232 4119 Illustr.

130 4147 316 4201 estuohiooum.
349 4152 439 4202 Annus
458 4154 500 4202 hic
512 4152 564 4204 fuit
576 4153 656 4204 Urbis
699 4155 763 4203 Cell.
805 4151 940 4203 Flumisim
960 4150 988 4199 in
1009 4147 1127 4199 omnihus
1149 4143 1233 4194 Codd.

129 4221 236 4276 condita
256 4232 315 4278 5⁵⁴.
333 4230 403 4280 Glor.
436 4230 529 4282 Potius
545 4230 657 4294 diceret,
698 4218 1234 4282 Mss.etvetnstiorihnsEdd.hiuetnbi·

190 4306 312 4375 nouus
326 4312 457 4367 omem.
621 4313 723 4378 soro.
1144 4305 1168 4355 ῑ
