2992 4875
250 376 297 443 36
701 399 936 451 rusuruoura

251 541 577 629 stautinopolilauls.⁴
619 543 757 613 Laudat
771 566 852 612 vero
866 568 941 613 eum
957 553 1078 616 testem
1098 547 1135 613 in
1156 545 1255 615 rebus
1271 548 1362 616 Con·

252 641 391 712 stantioi
414 647 544 732 Magni,
567 639 645 733 quse
667 639 871 716 oeulis'siis
893 643 1018 717 vidisse
1040 641 1116 718 eran
1139 653 1197 717 ait.
1244 651 1362 738 Atque

251 770 297 818 ex
310 750 362 815 his
378 758 472 835 patet
493 773 583 832 error¹
592 753 771 820 Ptolemaei
786 755 990 839 [Lucensis‚]
1010 763 1044 822 et
1057 755 1159 840 hujus
1181 775 1218 820 se
1241 762 1363 822 aucto·

251 855 352 922 ritate
375 859 501 922 tuentis
517 857 702 942 Rupha‘e'lis
718 855 943 939 Volaterrani,
966 861 1024 945 qni
1045 859 1245 944 Euuopinm
1266 860 1361 928 bunc

250 957 357 1026 fuisse
378 967 533 1044 putamnt
548 962 750 1050 discipulum
767 963 809 1028 Β.
824 962 1015 1046 Augustini.
1061 962 1149 1043 Quae
1172 970 1206 1028 et
1223 971 1363 1030 senten.-
1387 1019 1395 1032 .

252 1061 302 1127 tia
323 1068 374 1130 est
389 1064 543 1145 Gesneri,
559 1073 594 1131 et
609 1064 811 1149 Eisingrinii,
826 1074 862 1132 et
876 1066 1042 1131 Theodori
1060 1066 1230 1150 Zuingeri,
1246 1067 1363 1135 Thea·

252 1168 295 1234 tri
311 1168 364 1234 sui
379 1171 548 1264 volumine
563 1187 615 1264 vr.
641 1171 700 1236 lib.
718 1186 760 1260 ¹.¹·
783 1171 825 1262 ad
848 1172 921 1236 haec
938 1169 1114 1235 Posseviui
1136 1170 1171 1233 in
1182 1168 1362 1255 Apparatu

252 1290 361 1351 sacro,
376 1275 477 1357 alque
490 1257 642 1339 aliorum.
686 1272 729 1337 In
743 1289 889 1339 errorem
904 1257 1020 1338 omnes¹
1033 1293 1091 1338 eos
1107 1261 1251 1357 impulit,
1266 1277 1360 1361 quod

252 1371 449 1441 Gennadius
462 1376 496 1441 iu
511 1372 686 1441 illustrium
700 1376 860 1441 Virorum
875 1376 1031 1459 catalogo
1045 1376 1242 1460 Eutropium
1257 1397 1362 1463 quen·

252 1477 328 1543 dam
350 1478 481 1558 referat,
504 1478 547 1544 de
569 1499 639 1563 quo
660 1481 746 1546 hune
777 1481 813 1545 in
843 1480 978 1545 medum
1001 1479 1090 1564 apud
1123 1499 1198 1544 eum
1219 1479 1358 1564 legitur:

252 1580 460 1665 ‘Eutropius
482 1583 652 1668 presbyter
673 1583 807 1667 scripsit
841 1583 885 1647 ad
918 1583 1004 1649 duas
1036 1602 1182 1662 sorores,
1216 1584 1360 1651 ancillas

252 1682 479 1769 Christique
496 1685 540 1749 ob
562 1685 778 1750 devotionem
802 1685 985 1770 pudicitiae,
1000 1692 1034 1752 et
1057 1705 1204 1751 amorem
1226 1688 1361 1772 religio·

251 1789 317 1867 nis,
340 1788 562 1854 exhaeredatae
595 1793 674 1853 sunt
706 1790 955 1873 aparentibus,
978 1789 1139 1876 epistolas
1163 1793 1198 1854 in
1219 1779 1360 1858 modum

251 1891 441 1957 libellorum
464 1892 720 1984 consolatorias,
736 1889 881 1976 eleganti
902 1898 935 1957 et
957 1899 1074 1978 aperte
1092 1913 1242 1960 sermone
1257 1895 1357 1974 duas,

252 2014 321 2060 uon
354 1996 461 2070 solum
483 1995 620 2073 ratione,
644 1995 705 2059 sed
741 1994 841 2061 etiam
877 1995 1077 2064 testimoniis
1111 1994 1360 2080 Scripturarum

251 2095 417 2163 munitas?
463 2096 618 2163 Meminit
641 2103 753 2162 autem
776 2098 849 2183 ejus
872 2095 1067 2166 Gennadius
1092 2104 1172 2183 post
1199 2097 1361 2183 Augusti·

251 2213 342 2279 num,
357 2199 525 2278 Oresium,
540 2200 637 2265 alios.
683 2200 787 2265 Hunc
803 2200 852 2264 illi
877 2220 954 2265 esse
980 2201 1136 2266 breviarii
1160 2201 1360 2285 scriptorem

252 2303 468 2370 crediderunt.
513 2302 580 2369 Sed
592 2309 741 2387 tempora
754 2311 1044 2388 repugnantem
1061 2308 1177 2368 auctor
1188 2303 1359 2386 breviarii,

252 2406 476 2489 Constantini,
498 2407 572 2493 ejus
593 2407 785 2486 liberorum,
808 2403 949 2484 iuliani,
971 2404 1121 2486 Joviaui,
1144 2411 1180 2472 et
1200 2403 1359 2475 Valentis

251 2513 457 2601 temporibus
480 2512 623 2577 vixerit:
659 2517 694 2576 at
715 2531 780 2577 nen
800 2512 879 2576 item
901 2508 1053 2577 Gratiani
1075 2515 1134 2575 aut
1154 2509 1358 2594 Theudosii3

252 2612 373 2681 saltem
394 2637 458 2683 non
473 2613 614 2680 Arcadii
632 2621 667 2680 et
693 2612 857 2678 Honorii:
880 2618 919 2677 ut
934 2611 1128 2695 Augustino
1149 2632 1225 2678 esse
1243 2602 1358 2698 junior

250 2736 316 2789 non
338 2722 454 2804 possit.
508 2718 638 2784 Adhmc
670 2716 728 2782 ille
748 2715 926 2782 Genuadio
947 2722 1148 2781 memoratus
1179 2718 1359 2802 presbyter

251 2829 342 2887 erat:
366 2823 476 2889 ethic
499 2842 542 2888 an
562 2821 774 2887 Christianus
799 2819 911 2899 fuerit,
926 2820 1045 2885 merito
1068 2819 1263 2903 ambigitur,
1280 2838 1368 2917 cum·

250 2925 389 2991 reticeat
418 2924 684 2992 Christianorum
721 2924 971 3007 persecutiones
1001 2939 1040 2987 x.
1076 2943 1116 2989 au
1153 2926 1186 2987 in
1207 2922 1357 2990 Joviano

251 3034 363 3114 aperte
378 3028 517 3093 suadeat
529 3027 712 3112 perfidiam.
758 3028 838 3093 Scio
848 3047 936 3106 esse,
948 3029 1005 3111 qui
1015 3026 1236 3092 Christianum
1251 3026 1357 3105 luisse

249 3129 412 3214 colligant
442 3130 574 3209 exinde,
606 3131 698 3216 quod
726 3130 769 3195 de
789 3129 812 3196 J
816 3130 929 3195 uliano
963 3131 1110 3196 scribat:
1134 3129 1357 3213 ‘Religionis

250 3232 450 3300 Christianae
464 3230 657 3313 insectator,
679 3232 817 3318 perinde
832 3240 953 3310 tamen,
968 3236 1003 3296 ut
1017 3250 1136 3297 umore
1152 3232 1358 3303 abstineret-³

250 3336 319 3403 Sed
340 3338 388 3402 ita
403 3357 536 3422 quoque
551 3338 700 3401 scribere
717 3337 828 3420 potuit
844 3335 989 3418 gentilis,
1012 3335 1130 3401 saltem
1147 3337 1205 3422 qui
1226 3338 1261 3400 in
1276 3357 1358 3404 cou-

249 3439 330 3505 iiuie
345 3442 554 3506 tenebrarum
577 3459 618 3504 ac
638 3440 726 3504 lucis
741 3438 956 3518 constitutus,
979 3457 1040 3503 uec
1056 3428 1211 3522 gentilem
1226 3439 1358 3524 religio-

249 3562 325 3609 nem
358 3546 523 3628 probaret,
556 3563 619 3609 nec
646 3543 847 3609 Christianae
884 3551 993 3608 tamen
1028 3561 1147 3607 nomen
1183 3543 1354 3612 dedisset:

249 3647 367 3732 quales
390 3649 552 3712 saeculum
573 3647 655 3712 illud
676 3648 792 3715 habuit
812 3647 948 3712 multos.
993 3645 1060 3712 Sed
1082 3651 1263 3731 utcumque
1288 3645 1356 3714 boc

248 3756 311 3828 est,
326 3757 485 3836 tempora,
495 3832 499 3841 ι
509 3757 548 3817 nt
562 3752 718 3843 vidimus,
742 3771 802 3816 eos
827 3751 989 3829 refellrmt,
1005 3750 1062 3835 qui
1078 3746 1268 3831 Augustino
1280 3749 1355 3814 ‘Eu-

248 3853 391 3935 tropium
413 3854 540 3922 faciunt
556 3856 733 3939 juniorem.
788 3854 918 3939 Stylum
940 3855 971 3920 si
993 3859 1139 3938 spectes,
1161 3870 1278 3936 parum
1301 3859 1356 3920 est

248 3954 445 4020 concinnus:
468 3957 527 4021 sed
549 3957 611 4022 hoc
634 3954 737 4035 aetab,
753 3975 820 4040 qua
833 3957 930 4034 vixit,
946 3957 1142 4022 tribuamus.
1186 3952 1259 4018 Res
1274 3973 1355 4021 vero

247 4056 341 4142 ipsas
354 4059 554 4144 compendio
575 4061 660 4127 satis
682 4060 859 4127 commodo
877 4061 1087 4127 constrinxit.
1132 4058 1222 4124 Saue
1237 4056 1354 4144 quanti

733 4251 856 4304 xuerus
944 4218 948 4225 ’

699 4387 717 4434 t
732 4382 800 4435 Vide
811 4396 897 4450 supra.
