2992 4875
241 335 266 401 8
635 354 684 404 nn
709 353 898 408 nonnemo

243 487 331 580 gitur
343 514 405 582 pto
418 494 644 575 Kareranirro,
659 495 751 582 quod
766 502 903 566 erecte
917 498 1017 566 habet
1030 497 1118 568 Cod:
1128 498 1343 583 Μαίης*

242 606 275 666 ei
289 609 405 687 praeter
415 609 691 670 commentatores
703 602 895 669 emendavit
906 603 1076 670 Hearnius
1085 602 1130 670 ad
1145 605 1342 673 testimonia

241 700 390 772 retortam
404 707 446 773 de
462 705 633 791 Eutropio,
648 705 787 770 editioni
800 708 987 792 praemissa.
1032 707 1234 774 Habuerunt
1254 711 1342 775 enirn

243 810 481 895 Imperatores,
507 811 564 896 qui
588 810 754 896 epistolas
777 812 967 888 scriberent,
994 812 1030 875 in
1055 813 1176 897 quibus
1197 818 1342 878 mentem

242 933 338 980 snam
361 920 419 979 aut
445 915 647 980 voluntatem
678 914 750 977 sine
785 913 928 998 suppiici
956 914 1069 979 iibeiio
1097 921 1156 979 aut
1183 915 1342 980 relatione

242 1018 378 1100 publice
397 1018 622 1094 declarabant,
647 1017 782 1082 Latinis
805 1017 886 1082 dicti
909 1016 1144 1102 Epistoiares:
1164 1025 1200 1083 et
1218 1018 1340 1084 diversi

243 1121 288 1186 ab
313 1122 533 1204 epistolarum
561 1120 741 1203 magistris,
770 1120 899 1206 quippe
927 1122 1043 1206 quiin
1072 1123 1179 1187 sacris
1207 1120 1341 1186 scriniis

244 1223 456 1307 epistolarum
469 1225 670 1301 militabant,
686 1230 722 1288 et
733 1223 914 1306 legationes
937 1225 1124 1303 civitatum,
1146 1223 1342 1289 consultati-

245 1345 326 1391 ones
341 1333 375 1394 et
390 1348 506 1412 preces
526 1322 738 1393 tractabant.f
779 1326 833 1392 Ita
847 1347 926 1393 vcro
947 1334 1220 1394 commemoratur
1233 1327 1256 1393 J
1260 1325 1342 1392 usti-

242 1429 335 1494 niani
350 1427 590 1516 ὴιστολιγράφος
613 1428 815 1495 Plutarchus
830 1449 852 1495 a
866 1429 1026 1509 Codino,⁸
1038 1437 1071 1496 et
1084 1431 1142 1496 aiii
1154 1432 1283 1515 passim
1297 1430 1342 1494 ab

243 1530 331 1597 aliis.
373 1531 430 1596 An
454 1533 543 1597 idem
566 1532 663 1600 fuerit
682 1531 875 1617 Eutropius,
897 1554 995 1618 quem
1018 1529 1165 1619 portum*
1189 1531 1342 1617 Eutropii

243 1633 432 1699 condidisse
454 1635 570 1700 scribit
590 1632 794 1721 anonymusi
825 1636 867 1700 de
881 1638 1137 1720 antiquitatibus
1151 1635 1343 1702 Constand

242 1738 454 1821 nopoiitaniS,
476 1744 510 1803 et
526 1737 743 1823 imperatoris
766 1739 977 1805 Constantini
999 1749 1151 1824 tempore
1172 1761 1342 1825 πρωτοπα-

244 1838 354 1927 lipari
373 1849 406 1908 et
431 1840 605 1929 Koroierepe
629 1839 871 1926 (Quaesturam)
896 1843 986 1922 sacit,
1009 1844 1146 1909 dubium
1165 1851 1218 1909 est
1245 1849 1279 1908 et
1292 1843 1343 1907 in·

244 1951 382 2009 certum.
427 1945 517 2010 Nam
536 1965 600 2010 non
622 1945 730 2010 solum
744 1945 793 2012 ibi
818 1944 902 2010 Cod.
922 1944 1052 2029 Regius
1067 1947 1100 2013 2.
1115 1947 1217 2030 legit:
1240 1947 1268 2010 tr
1285 1946 1342 2017 τοῖς

240 2042 354 2131 χρόνοις
372 2046 493 2126 Ζήνωνος
511 2046 560 2109 καὶ
579 2044 772 2111 'Armatae
791 2053 846 2110 τῶν
865 2047 1020 2127 aarum,
1038 2050 1097 2114 scd
1110 2058 1144 2116 et
1156 2051 1278 2116 dinem
1290 2049 1342 2114 sic

243 2148 339 2214 affert
365 2147 541 2215 Godinus.¹¹
585 2150 675 2216 Ante
700 2151 882 2217 Justiniani
908 2159 1015 2217 tamen
1037 2160 1188 2238 tempera
1209 2158 1342 2238 portum

243 2270 285 2314 eo
300 2255 432 2319 nomine
445 2254 553 2319 fuisse
574 2253 673 2319 docet
694 2254 854 2339 Procopii
876 2256 970 2320 iocus
992 2257 1027 2321 in
1047 2259 1137 2322 notis
1160 2257 1342 2321 indicatus.

244 2352 369 2421 Postea
380 2363 493 2423 noster
507 2359 685 2425 comitatus
699 2363 751 2423 est
760 2358 783 2424 J
785 2359 935 2424 abacum
949 2361 983 2424 in
998 2359 1214 2445 expeditione
1228 2363 1342 2425 contra

740 2580 849 2633 NOTAE

275 2714 364 2768 dvid.
387 2717 541 2771 lambecius
563 2719 595 2771 ad
631 2719 724 2774 Codln.
745 2706 772 2787 p
814 2735 846 2775 ιι.
862 2722 941 2773 lettre
950 2726 990 2773 16.
1008 2736 1034 2786 p.
1045 2734 1079 2770 m.
1089 2721 1145 2771 tlt.
1161 2715 1217 2785 (ed.
1237 2732 1253 2766 a
1270 2714 1342 2780 Lyon

244 2799 299 2845 liti.
316 2795 545 2846 etliunduriusad
563 2798 773 2862 Anonymnmii·
810 2806 886 2854 1727.
895 2800 932 2862 8.)
1343 2830 1347 2835 ·

243 2873 294 2921 iuru
307 2886 332 2941 p.
345 2875 401 2921 864.
419 2871 485 2922 Ven.
502 2873 547 2937 qui
560 2882 646 2938 notat,
663 2875 690 2925 in
704 2874 772 2927 Cod.
843 2879 851 2914 ¹
867 2891 909 2929 ιιι.
921 2893 946 2941 p.
957 2880 997 2926 ti.
1008 2871 1099 2941 (Veri.)

244 2949 325 3013 iiepio
336 2953 359 2999 2.
371 2949 423 3013 legi
433 2949 609 3017 micypdper,
619 2954 662 3020 qui
674 2954 774 3018 titulos,
843 2950 1078 3019 Ιπρνιοσπαθάριοι
1108 2948 1203 3015 passim
1232 2962 1341 3000 comme·

242 3027 424 3091 inscriptiones
437 3027 510 3079 iacit.
543 3029 774 3096 Sedcxciditopi·
812 3040 927 3083 moratur
938 3031 971 3081 ab
990 3030 1082 3079 iisdem
1093 3025 1251 3089 auctoribus,
1271 3034 1298 3076 et
1316 3025 1342 3075 in

240 3120 298 3170 nor,
310 3103 358 3169 tsi,
369 3108 527 3173 accersitque
539 3115 601 3173 post
613 3110 756 3174 corruptio.
813 3106 965 3160 officialibus
985 3105 1083 3158 Puiutil
1105 3098 1343 3168 contantinopoli·

274 3182 361 3233 ovid.
377 3183 420 3232 Du
441 3184 537 3234 Prerne
558 3187 635 3249 gloss.
654 3186 679 3238 b.
701 3201 727 3236 r.
744 3195 773 3238 et
813 3181 1343 3251 tnuipouiturai'adinocap.2.ndqnem

242 3257 384 3311 Gutberine
393 3258 426 3309 de
437 3259 529 3311 officiis
546 3263 636 3313 domur
648 3262 772 3329 unguere
813 3264 901 3315 docuit
913 3263 1025 3325 Gnarus,
1036 3260 1188 3327 spatharios
1198 3273 1256 3310 esre
1267 3255 1344 3331 catti·

239 3349 272 3388 rr.
284 3340 326 3388 21.
813 3341 884 3403 liter,
898 3338 1344 3404 portuenseermrtosfiprarerps·

274 3411 356 3464 ll'id.
369 3416 512 3466 Gutirerinr
523 3418 576 3469 ei:
588 3430 607 3469 1.
620 3421 662 3469 id.
683 3416 772 3468 ubide
811 3417 878 3467 tien
889 3417 1001 3481 gladium
1011 3417 1129 3466 inderem
1146 3414 1272 3481 (gladium
1289 3424 1343 3463 ma·

241 3493 291 3545 boc
310 3493 459 3544 discrimine
478 3495 587 3559 monuit,
607 3501 636 3546 et
654 3495 773 3562 inprimis
807 3484 893 3559 jor'ern
913 3500 988 3546 vocat
1008 3495 1136 3559 Vegetio·
1155 3506 1186 3542 ιι.
1196 3489 1249 3555 it.)
1265 3488 1309 3556 qni
1327 3502 1343 3537 a

240 3570 576 3623 deiliornmofficiorrr.i.
745 3614 749 3621 .
811 3572 1001 3624 recentioribus
1016 3570 1120 3622 mulier
1136 3581 1162 3620 et
1181 3568 1253 3619 neti
1269 3579 1342 3616 vocr-

251 3682 259 3699 .
273 3657 286 3692 ¹
301 3650 345 3699 De
355 3649 447 3713 origin.
458 3649 624 3701 Constantio.
634 3665 659 3715 p.
669 3655 711 3700 ti.
811 3656 862 3701 tur.
894 3649 954 3701 Vid.
970 3657 998 3700 et
1015 3651 1060 3700 Du
1072 3650 1169 3699 Fresne
1180 3649 1206 3697 in
1219 3642 1342 3713 grenario

274 3725 771 3793 lliujusportuspioresrncminerunt
811 3726 1004 3776 medie-latin.
1034 3724 1083 3775 sub
1112 3724 1219 3774 vocibus
1249 3724 1341 3773 Proto·

242 3804 394 3869 posterioris
404 3805 453 3854 nvi
462 3814 588 3855 unctores.
601 3807 686 3871 Prope
696 3807 772 3857 Circi·
811 3803 958 3868 spatharius
969 3810 996 3852 et
1007 3801 1172 3866 spartarius,
1184 3807 1211 3850 et
1222 3798 1340 3850 Labbm

242 3882 366 3932 cedonem
383 3882 464 3932 fuisse
487 3883 596 3934 discitur
616 3898 649 3932 er
669 3884 772 3935 Zonars
811 3879 838 3929 in
850 3877 1051 3929 uotiradbiicb.
1069 3875 1180 3941 Glycam
1199 3874 1292 3925 ΑιιιιιΙ.
1308 3872 1341 3923 P.

241 3972 299 4010 xiv.
320 3964 360 4010 li.
377 3974 426 4010 nou
448 3961 592 4024 proculab
620 3960 718 4012 Herae
736 3976 772 4011 ex
810 3962 837 4008 i.
855 3960 950 4022 pm.
965 3951 1110 4020 (ediles.)

241 4036 372 4102 Procopio
391 4037 425 4086 de
444 4035 515 4087 edii.
536 4052 556 4088 1.
576 4042 617 4088 11.
650 4039 694 4089 De
718 4039 772 4089 ritu
843 4032 914 4084 kile
934 4032 1027 4097 origin
1046 4032 1184 4083 Comum
1201 4044 1227 4081 e.
1242 4028 1261 4078 Ι.
1278 4038 1340 4091 μς.

240 4115 299 4180 ejus
321 4122 443 4165 accurate
463 4115 588 4180 exposuit
606 4115 709 4181 Gyiiius
737 4116 772 4166 de
810 4114 851 4163 ia
869 4109 905 4161 ci.
921 4109 1001 4162 etiarn
1017 4108 1165 4160 Banduriur
1184 4107 1218 4161 ed
1236 4104 1341 4167 Aaou·

241 4192 377 4260 Bosphoro
395 4195 505 4244 Thraca
522 4207 565 4244 ιιι.
586 4198 623 4245 11.
639 4192 674 4245 ci.
691 4193 772 4245 etiem
810 4189 961 4241 nullium
972 4192 1067 4255 pm.

182 4342 188 4351 ο
238 4269 394 4329 Tonmeiort
407 4271 518 4343 Vome
535 4269 683 4324 deberent
696 4270 773 4324 Tem.
