2992 4875
325 392 511 443 aasvrsm
528 391 636 446 uisu:
652 390 741 440 rou.
764 390 839 438 nra.
859 391 914 440 ix.
928 390 1021 441 oar.
1036 377 1068 440 5.
1118 386 1121 391 ·
1182 372 1257 442 479*

143 536 271 601 pitolinus
289 536 315 585 in
335 535 482 586 Gordianis.
499 533 567 584 Vide
579 541 674 598 etcap.
713 533 782 585 milis
793 541 844 597 est,
859 534 988 599 ‘peracto
1006 532 1081 596 regni
1095 531 1208 594 biennio,
1220 539 1249 582 et

142 611 575 663 58.h1isceilaneorumPoiitisni.
595 611 675 661 Vinci.
713 611 852 673 imperavit
872 624 973 660 menses
995 607 1119 673 triginta}
1140 609 1183 659 hic
1204 623 1249 674 pa·

142 688 214 741 Vide
225 704 290 755 quos
299 690 342 739 hic
352 687 442 737 iaudat
453 687 494 736 ci.
506 687 621 736 Gruncr.
713 700 770 735 rum
780 685 841 736 fidei
850 686 1000 736 hahentura
1008 687 1117 736 Doctiss.
1130 686 1247 749 Femina,

177 765 272 829 Rom]
288 764 418 816 Conditae.
436 764 506 813 Giur.
714 780 773 831 qnae
789 765 823 815 ad
839 765 911 829 Epit.
928 765 986 829 ipss
1002 762 1110 825 fatetur,
1130 770 1249 827 tempora

177 838 528 903 lagonniacenmappama]
553 837 677 887 Exhibita
714 841 804 892 horum
827 841 1018 905 Imperatorum
1041 839 1116 889 ratde
1136 837 1248 889 ωοοῦ-

143 917 175 968 in
192 917 233 967 his
254 916 332 978 indis,
348 916 483 979 elephanti
500 928 590 965 min
608 915 677 964 airas
714 932 797 968 scura.
810 917 878 966 unde
898 923 971 967 recte
989 931 1045 967 eam
1058 930 1116 966 cum
1128 912 1248 964 Hearnio

143 1008 175 1045 x.
192 992 303 1058 tigrides
323 1006 353 1042 x.
375 994 463 1042 leones
482 990 610 1040 mansueti
632 1003 677 1042 nx.
716 1007 732 1042 a
754 993 794 1043 ci.
812 992 933 1043 Grunero
950 992 1036 1042 notari
1050 1000 1151 1055 putem,
1170 989 1214 1055 qui
1233 1003 1248 1039 e

142 1068 262 1134 leopardi
289 1070 389 1119 cicures
420 1081 489 1118 m.
520 1068 622 1132 hyrene
650 1080 677 1117 x.
716 1068 782 1132 Peg.
806 1068 838 1119 ad
862 1066 913 1117 An.
932 1072 990 1117 2⁶1.
1012 1067 1123 1117 Decium
1141 1067 1250 1117 tertium

142 1146 347 1211 hippopotamos
359 1150 383 1194 1.
395 1145 541 1194 rhinoceros
552 1147 574 1193 1.
588 1143 678 1194 archo·
715 1145 818 1209 imperii
846 1159 940 1194 annunt
967 1144 1099 1194 inchoasse
1121 1142 1249 1194 ostendit.

142 1222 247 1272 leontes
267 1235 295 1271 x.
312 1219 514 1285 camelopardali
539 1232 567 1268 x.
586 1219 677 1283 onagri
720 1221 836 1285 Verteris.

144 1310 198 1348 xx.
215 1297 275 1363 eqni
295 1296 346 1347 t‘eri
366 1310 409 1347 xa.
426 1296 597 1361 gladiatorum
607 1294 677 1343 miiie
749 1297 780 1346 is
796 1296 940 1361 Barbarion]
957 1296 989 1346 In
998 1294 1139 1357 Dardanis,
1150 1294 1176 1344 in
1191 1293 1250 1360 My·

143 1373 228 1437 paria.
262 1372 410 1423 Gordianos
432 1378 569 1437 paraverat
590 1384 622 1419 ea
644 1370 677 1420 ad
717 1372 763 1423 sia.
782 1372 852 1421 thr.
885 1372 949 1435 Soio,
964 1372 1033 1438 qnod
1050 1386 1108 1421 cum
1119 1350 1277 1422 Ood.IaC.‘

143 1450 305 1515 triumphum
321 1449 481 1508 Parthicum,
499 1446 545 1498 sed
565 1447 623 1497 Deo
634 1445 679 1495 ali·
716 1457 744 1499 et
766 1448 830 1500 hur.
848 1450 919 1499 Vict.
932 1450 1003 1514 Epit.
1016 1462 1100 1500 xm.
1111 1449 1158 1499 sed
1170 1448 1253 1498 incin-

144 1527 288 1579 tarvisum.
306 1527 377 1577 Giar.
717 1541 773 1576 sum
791 1525 866 1575 dedit
885 1526 926 1576 ci.
938 1540 988 1575 van
1001 1526 1105 1588 Hoven,
1116 1525 1251 1575 commode

180 1601 288 1665 Veronae]
304 1604 466 1652 Venetorum
484 1600 554 1651 orbs.
579 1599 652 1651 Giur.
718 1602 808 1651 abesse
821 1616 906 1666 posse,
927 1601 995 1667 quod
1008 1602 1251 1666 snprai.v11.c.ii.

179 1680 283 1730 Cam.
306 1680 367 1729 Post
383 1678 424 1728 ios
440 1678 529 1727 Decies
548 1691 565 1725 o
584 1676 679 1725 Panno·
716 1677 760 1727 uhi
774 1677 913 1743 videque
930 1677 1052 1740 diximus,
1061 1677 1152 1727 eadem
1164 1675 1251 1739 aiiipsi

142 1754 199 1819 nin]
209 1756 261 1805 Hic
272 1756 369 1804 Dacius
381 1756 474 1804 inuitas
486 1753 598 1804 rirtntea
607 1751 680 1801 heiti·
716 1769 778 1804 nsua
800 1761 841 1804 est
865 1761 964 1818 auctor,
984 1760 1057 1805 recte
1080 1759 1169 1806 monet
1190 1753 1250 1804 Cei.

143 1847 192 1882 cns
203 1847 233 1882 ac
243 1833 353 1882 honores
374 1832 494 1896 ingentes
512 1845 562 1879 uno
580 1829 679 1878 sceiere
717 1832 827 1884 Groner.
849 1833 964 1898 Verieyir.

142 1907 302 1973 inquinavit,
313 1907 514 1971 persequutione
530 1905 641 1969 pessima
652 1904 679 1953 in
749 1907 888 1974 interfecta]
904 1907 929 1959 Α
949 1910 1063 1974 Scythia.
1085 1910 1155 1960 Giar.
1189 1909 1254 1973 Epi·

144 1984 309 2034 christianos
328 1983 478 2033 innocentes
494 1982 681 2045 caritateque
718 1991 788 2035 tome
801 1985 933 2045 victorin
955 1986 1046 2035 ‘inter
1068 1984 1189 2035 confrisas
1201 1992 1255 2034 tnr-

144 2059 235 2110 dirum
245 2059 412 2110 Laurentium
424 2059 484 2123 igne
495 2058 600 2107 exussit.
629 2055 680 2105 Sed
717 2060 764 2110 has
781 2061 884 2124 gorgite
907 2061 1007 2125 paludis
1029 2061 1177 2111 submersus
1196 2059 1256 2111 est!

145 2150 207 2189 snos
226 2136 391 2187 inuitosnon
413 2135 518 2200 reliquit
529 2134 609 2183 Dens.
642 2133 680 2183 Ut
717 2136 840 2199 Barbari,
861 2137 904 2201 qni
925 2137 1010 2200 ipsum
1027 2137 1150 2186 intantas
1163 2151 1255 2201 angus.

145 2216 216 2265 enim
238 2214 375 2279 Philippus
394 2212 560 2277 hypocriseos
588 2225 681 2275 pecca·
719 2212 771 2262 tias
783 2212 935 2277 adegerant,
947 2211 1054 2263 fuerunt
1065 2211 1200 2275 ληιζόμενοι
1209 2211 1255 2263 riv

145 2299 203 2341 tum
214 2290 319 2351 ininitn
328 2292 371 2340 hie
382 2290 485 2339 invidia
502 2296 530 2339 et
541 2288 681 2339 crndeiita·
718 2287 848 2352 Βόσπορον,
864 2289 1028 2353 Bosparm
1045 2290 1165 2352 regionem
1178 2303 1255 2353 popa·

146 2368 183 2417 tis
202 2368 325 2418 ultionem
347 2382 399 2417 non
418 2365 519 2430 effugit.
538 2366 682 2419 Jnstusest
718 2368 906 2419 russanum.
929 2368 991 2416 crit.

145 2445 233 2509 Deus,
242 2460 288 2495 nos
298 2443 558 2511 iniqui‚qnantu1nris
566 2457 681 2498 nonnun-
751 2445 821 2495 Inter
842 2444 918 2495 Diana
944 2443 1026 2507 reicis]
1054 2443 1157 2504 Lectio,
1177 2457 1253 2508 quam

147 2537 225 2589 qnam
243 2522 359 2571 homines
372 2535 418 2570 nos
430 2519 585 2584 predicent.
617 2518 682 2569 Por·
718 2520 844 2572 exhibent
867 2521 933 2571 Cod.
954 2522 1028 2573 Leid.
1051 2527 1074 2572 i.
1096 2520 1208 2572 Schonh.
1226 2528 1255 2571 et

147 2614 177 2649 ro
190 2598 267 2650 Decii
284 2598 346 2661 duo,
357 2603 433 2662 pater
444 2603 472 2645 et
484 2594 561 2657 iilius,
571 2594 681 2658 imperio
718 2598 787 2648 hier.
804 2597 920 2647 occurrit
937 2596 1031 2647 iterum
1040 2611 1064 2647 c.
1077 2601 1117 2648 1⁵.
1140 2595 1255 2647 ‘mersit
1285 2621 1290 2630 =

147 2680 210 2742 sant
229 2674 307 2739 potiti
325 2687 391 2723 anno
407 2671 503 2722 Christi
523 2675 582 2722 252.
610 2670 680 2720 Gicr.
719 2670 1116 2740 qnoqncinterDirosrct'erri.’
1141 2671 1191 2721 Sed
1205 2684 1254 2736 pro

147 2753 268 2804 Nummio
295 2758 324 2801 et
348 2750 522 2814 inscriptione
543 2747 682 2799 Feltriensi
718 2750 905 2801 hisinAidiua
919 2758 1031 2815 utraque
1043 2749 1093 2799 Ed.
1105 2755 1134 2798 et
1144 2746 1255 2799 Juntina

148 2828 219 2893 apud
232 2829 339 2880 Gruter.
359 2842 386 2892 p.
404 2831 462 2876 itt.
479 2833 520 2876 est
535 2839 560 2877 c.
571 2837 681 2876 messius
718 2828 809 2890 hahes,
819 2843 878 2892 qun
888 2843 903 2877 a
914 2827 1107 2877 Diaconimsnu
1117 2822 1254 2888 profecta:

148 2917 271 2959 eninrus
287 2915 430 2954 maranus
448 2914 556 2952 amiur.
574 2901 633 2950 crit.
720 2903 874 2955 ‘interfecti
887 2910 963 2954 sunt:
976 2902 1093 2967 equibus
1103 2901 1189 2950 senior
1198 2914 1258 2964 gur·

181 2980 304 3044 Badniioe]
320 2979 442 3041 Badatiae,
456 2986 530 3028 retus
540 2978 614 3029 iiber.
643 2961 683 3026 ii·
720 2981 776 3047 gite
787 2981 890 3046 paludis
902 2982 1036 3032 immersus
1048 2986 1103 3030 est:
1116 2979 1155 3029 ita
1164 2985 1194 3028 ut
1205 2991 1256 3029 nec

146 3063 196 3109 set.
229 3058 330 3108 Bibslin
342 3063 418 3106 vocet
435 3055 603 3116 Ptolemais,
613 3055 682 3104 inter
719 3060 832 3110 cadaver
843 3059 901 3123 ejus
913 3056 1030 3122 potuerit
1040 3056 1151 3107 inveniri
1163 3072 1170 3104 r
1187 3055 1255 3120 [hac

147 3135 228 3184 Sanni
254 3148 285 3183 ac
301 3131 460 3185 Danubium.
489 3130 561 3180 Ginr.
593 3129 682 3180 Aurei.
719 3136 825 3186 historia
845 3133 993 3199 confirmat]
1018 3133 1095 3198 digno
1121 3132 1256 3182 damnatas

147 3210 257 3260 victer:
282 3208 486 3274 ‘Symitmium
505 3207 565 3257 *¹10⁰
592 3205 682 3256 oiim!
716 3212 829 3277 jndicio,
840 3212 884 3278 qni
905 3210 1113 3276 persecutionem
1131 3208 1156 3256 in
1172 3206 1257 3256 Chris·

147 3279 581 3349 Budolioeperdscribitssutdess·
609 3282 683 3332 Fuld·
720 3289 804 3338 tinam
814 3281 1258 3350 movens,intcrceterosbeatissi·

148 3367 178 3411 et
197 3361 326 3412 Grecos:
353 3360 436 3410 ceteri
456 3358 566 3409 Baddioe
590 3373 639 3423 per
660 3358 683 3410 i.
720 3379 789 3415 mum
812 3364 980 3414 Larinatium
1007 3363 1125 3412 Larisam
1143 3367 1172 3410 ct
1188 3373 1258 3409 mar·

150 3436 217 3488 Ceti.
249 3437 302 3488 Sed
314 3437 396 3487 altera
408 3436 489 3488 lectio
500 3436 607 3485 melior:
625 3435 684 3485 ride
720 3448 805 3507 tyrem
817 3441 878 3506 igne
889 3439 1013 3490 excoxit!
1040 3438 1157 3502 Verdeyk.

147 3514 183 3564 ad
206 3513 340 3564 laudatum
361 3512 488 3563 Antonin.
507 3512 569 3563 ltin.
587 3526 614 3576 p.
626 3515 684 3566 268.
753 3518 822 3568 Car.
842 3524 868 3568 o.
886 3517 972 3566 Gaiias
991 3514 1156 3578 Hostilianas]
1180 3511 1256 3562 Anno

154 3589 274 3655 Vffdeyit·
721 3594 817 3645 Christi
828 3597 887 3644 254.
904 3593 984 3643 Hunc
993 3593 1054 3641 Ser.
1064 3589 1188 3640 Aurciins
1197 3588 1258 3639 Vic-

182 3666 274 3718 Ftiisn
283 3665 362 3730 m]
390 3666 471 3731 Cujus
487 3663 685 3729 nummipraese·
721 3677 764 3720 tor
779 3670 872 3720 Viriatus
885 3670 984 3718 Goliam
1002 3674 1089 3717 vocat.
1124 3668 1257 3718 Craterum

148 3750 213 3794 runt
233 3755 260 3797 tt·
276 3755 345 3793 m·
362 3756 427 3794 m·
445 3755 521 3791 ffli-
539 3755 600 3793 Μῦ-
618 3754 684 3792 ΝοΒ.
722 3747 896 3797 Hostilianum
921 3745 1088 3808 Perpennam
1114 3756 1130 3792 a
1156 3740 1258 3790 Senatu

147 3836 174 3872 c.
197 3822 246 3871 hoc
269 3829 319 3883 est,
337 3822 370 3873 Q.
390 3820 538 3872 Herennius
557 3819 683 3870 Etruscus
721 3822 905 3888 imperatorem
918 3831 1044 3880 creatum,
1058 3818 1101 3883 qni
1113 3831 1163 3867 non
1175 3816 1257 3865 annito

149 3901 266 3952 Messius
278 3900 556 3951 Decinsnoh.Caesar.
575 3900 634 3949 Caii.
683 3958 686 3964 ,
722 3906 781 3962 post
792 3897 941 3963 pestilentia
952 3901 1120 3958 consumptus
1138 3890 1255 3941 dicitnr:

184 3977 246 4027 Cen
265 3976 359 4025 hicesio
378 3975 428 4039 ipse
446 3975 684 4040 rifliias]1iectitta
721 3975 848 4039 Egnatius
876 3979 976 4023 tantum
999 3971 1123 4028 Gaiium;
1145 3968 1260 4030 Pompo·

149 4051 262 4118 proinde
271 4051 331 4102 cod.
342 4058 431 4114 noster
442 4064 482 4102 nc.
495 4053 556 4102 Cani
569 4067 685 4103 mecam·
721 4052 779 4100 nius
790 4051 878 4100 Latus
889 4048 1080 4098 'l'rebonianum
1098 4044 1203 4095 Gallum
1214 4056 1258 4091 ro·

145 4130 211 4193 picto
226 4126 322 4178 uasto
335 4128 494 4190 impensuri.
511 4128 612 4178 Hearn.
635 4128 686 4178 hii·
722 4134 766 4177 cat
776 4143 783 4174 r
795 4126 836 4176 hic
847 4125 982 4175 abeodem
991 4119 1170 4172 Letodicitnr
1181 4116 1257 4167 Decii

148 4220 203 4268 ror,
215 4204 286 4256 node
296 4203 406 4267 Victori,
416 4204 460 4269 qni
471 4203 540 4269 qnod
550 4203 615 4253 alias
626 4218 685 4253 raro
721 4200 840 4265 proditor
861 4198 951 4261 fnisse,
971 4196 1096 4247 adversus
1106 4193 1217 4258 Scythas
1227 4191 1256 4241 in

148 4282 261 4350 metitis,
272 4282 300 4336 in
310 4282 379 4335 Ces.
397 4288 427 4333 et
444 4283 515 4348 Epit.
533 4282 573 4346 sui
585 4279 642 4335 fere
652 4280 686 4332 ai·
722 4278 810 4345 Mysia
821 4293 828 4329 r
846 4277 997 4344 quibuscum
1016 4279 1110 4338 postea
1124 4268 1209 4323 teias
1219 4268 1258 4335 ig-
