2992 4875
573 315 660 398 cnr.
684 346 767 398 vrn.
1176 329 1220 400 ³1

122 502 349 586 promtasuut.
395 493 490 561 Idem
503 494 604 560 bollo
617 495 788 560 obserrmi
812 498 926 577 potest
949 495 986 560 in
1012 493 1091 560 allis
1116 495 1224 573 libris,

10 645 11 650 κ
122 605 182 668 etsi
202 603 238 665 in
266 601 354 666 libro
378 599 489 664 Paulli
512 615 568 663 xr-
591 600 726 683 parcius
739 596 955 688 Anastasinm
984 597 1093 677 refert,
1115 600 1226 665 multis

123 705 252 772 uimde
275 705 430 783 attextis,
459 703 585 786 largius
608 710 641 767 et
659 703 806 786 pressius
828 703 861 766 in
883 683 979 767 libris
1000 704 1227 788 sequentibus.

122 807 175 874 Er
200 829 272 893 quo
301 806 453 884 efficitur,
479 805 652 873 historiam
673 805 857 871 miscellam
880 825 947 871 non
968 826 1043 871 esse
1064 826 1086 870 a
1107 807 1229 872 Paullo

122 911 318 997 profectam,
342 910 463 975 sodex
479 910 536 975 illo
549 909 677 994 passim
697 908 842 973 inlibris
858 908 1021 994 Eutropii,
1037 909 1093 974 vel
1107 908 1228 974 Eutro-

122 1015 177 1100 pio
193 1012 371 1091 subnexis,
387 1019 535 1079 aunum
550 1019 584 1078 et
597 1012 765 1077 nutritam.
812 1011 887 1076 Nec
912 1013 1012 1098 igitur
1033 1013 1145 1091 rideo,
1160 1032 1228 1097 quo

119 1118 193 1204 jure
221 1116 418 1214 Fabricius¹¹
441 1116 632 1182 Mullorum!
656 1116 826 1198 exagitare
851 1120 970 1200 possit,
997 1117 1087 1202 quod
1109 1117 1230 1183 utrius·
1333 1127 1335 1132 ’

122 1239 183 1304 que
196 1220 351 1284 bistorlae
375 1224 546 1284 auctorem
569 1218 738 1283 diversum
758 1220 1012 1287 existimaverit.
1058 1220 1159 1286 Certe
1184 1240 1229 1287 ex

8 1337 9 1384 l
123 1319 252 1388 Gdanii
282 1319 428 1386 editione
456 1321 646 1386 Basileensi
674 1319 772 1387 1532.
797 1323 943 1387 invalide
966 1343 1040 1388 eunr
1068 1324 1229 1405 confutat,

122 1427 245 1510 quippe
268 1444 348 1509 quar
367 1444 441 1489 non·
450 1424 605 1490 Paullum
628 1423 831 1504 Diaconum,
850 1427 910 1491 sed
933 1428 1025 1492 illam
1038 1429 1148 1513 ipsam
1162 1429 1231 1494 iris-

8 1551 9 1556 ¹
121 1529 240 1596 toriarn
256 1527 445 1594 miscellam
468 1528 565 1593 sistit
610 1527 736 1594 Conna
763 1528 882 1595 Codex
902 1531 960 1598 iile
986 1529 1230 1597 Ambrosianus

120 1631 314 1700 ‘ureditione
330 1629 521 1709 Muratoni,
538 1636 572 1695 et
586 1631 629 1695 ab
645 1629 808 1717 Eutropio
821 1639 855 1697 et
869 1634 912 1698 ab
928 1634 1068 1699 historia
1080 1634 1233 1701 miscella

123 1735 168 1802 sic
189 1733 321 1812 differt,
344 1735 441 1800 utilli
464 1736 579 1819 aliqua
591 1739 722 1818 passim
748 1735 944 1813 admisceat,
970 1759 1045 1824 quae
1075 1745 1109 1803 et
1129 1738 1231 1805 habet

122 1839 266 1906 historia
279 1838 440 1917 miscella,
454 1838 553 1924 hujus
574 1845 754 1921 augmenta
778 1839 942 1924 pleraque
965 1844 1104 1926 ignoret.
1147 1842 1232 1907 Pos-

125 1950 246 2009 bunos
265 1941 343 2025 ejus
357 1943 471 2019 libros,
485 1941 543 2025 qui
557 1941 731 2026 excipiunt
745 1940 856 2007 Paulli
869 1942 990 2008 librum
1006 1960 1121 2010 xvrrr.
1135 1965 1232 2012 nemo

123 2053 240 2116 renue
254 2047 326 2132 ipsi
339 2044 461 2110 Paullo
476 2046 681 2129 ascripserit,
697 2066 774 2110 curn
784 2046 962 2130 refragetur
972 2048 1122 2129 historia,
1131 2069 1233 2135 quam

123 2150 202 2216 ultra
215 2169 350 2216 annum
365 2148 441 2215 799.
462 2168 531 2235 qno
557 2155 724 2215 mortuum
752 2149 860 2217 ferunt
882 2151 1049 2231 Paullum,
1078 2154 1232 2237 proferat.

123 2251 267 2339 Triplici
290 2254 394 2335 igitur
416 2252 523 2319 forma
545 2254 748 2338 conspicitur
773 2253 956 2339 Eutropius
978 2261 1100 2335 noster,
1118 2257 1234 2322 nativa
1290 2261 1293 2264 '

124 2357 178 2430 illa
207 2364 243 2424 et
274 2359 412 2440 integra,
437 2377 536 2442 quam
558 2358 730 2424 revocavit
754 2357 986 2423 Schonborius
1009 2358 1145 2444 aliique,
1169 2360 1232 2425 etsi

122 2466 254 2548 passim
271 2462 377 2527 allitis
398 2464 554 2541 maculis,
576 2482 662 2548 quas
684 2465 882 2529 recentiores
905 2465 1156 2545 absterserunt3
1185 2465 1234 2529 al·

121 2572 191 2632 tcra
210 2558 336 2632 Paulli
360 2565 516 2630 manibus
531 2564 669 2632 diducta
688 2573 723 2631 et
744 2567 789 2630 ab
803 2566 900 2630 initio
913 2567 1013 2631 etiam
1028 2573 1140 2645 aucta,
1156 2587 1232 2651 quae

121 2677 267 2758 apparet
279 2670 318 2733 in
334 2668 518 2735 codicibus
541 2670 668 2746 multis,
686 2670 788 2734 etiam
804 2667 1028 2734 Ambrosiano
1043 2671 1235 2754 antiquissi-

122 2796 176 2841 mo
197 2782 234 2841 ot
258 2773 467 2859 quibusdam
490 2774 691 2839 editionibus
712 2773 854 2857 priscis3
881 2773 977 2837 tertia
1004 2773 1175 2858 deturpata
1201 2778 1236 2841 et

123 2879 305 2966 inquinata
317 2878 507 2961 undiqucin
521 2877 661 2943 historia
673 2878 835 2956 miscella,
846 2883 883 2940 ut
895 2896 977 2940 vera
990 2875 1049 2941 illa
1062 2881 1094 2941 et
1104 2876 1237 2943 sincera

124 2983 266 3067 agnosci
282 2986 319 3045 et
338 2979 498 3065 deprendi
512 2981 572 3046 vix
587 2981 706 3065 possit
752 2980 805 3045 Ex
823 2980 976 3065 plurimis
991 2979 1076 3045 enim
1090 2983 1236 3047 auctori·

123 3086 184 3152 bns
213 3086 367 3152 historia
392 3084 452 3149 iila
478 3084 615 3162 coaluit,
644 3091 680 3150 et
706 3085 741 3149 in
765 3083 932 3169 prioribus
955 3083 1048 3147 libris
1070 3082 1235 3170 Eutropii,

125 3186 227 3275 Fieri,
250 3187 424 3266 Suetonii,
450 3186 611 3266 Victoris,
628 3187 780 3264 Eusebii,
797 3185 924 3261 Rufini,
939 3183 1064 3264 Orosii,
1079 3185 1237 3254 Jordanis

124 3290 351 3379 aliorumque,
387 3290 473 3359 forte
504 3290 602 3367 etiam
637 3287 881 3373 deperditorum
915 3289 991 3353 loca
1013 3288 1239 3371 conglutinata

124 3403 220 3477 sunt3
247 3397 291 3467 in
319 3393 569 3478 posterioribus
589 3392 765 3459 Anastasii
792 3391 1004 3475 potissimum
1026 3390 1166 3458 historia
1193 3393 1240 3458 ad

124 3501 264 3564 verbum
282 3497 352 3562 sere
365 3497 507 3580 repetita
524 3500 588 3574 est,
601 3499 640 3559 ut
653 3514 760 3559 rerum
774 3495 876 3558 series
886 3493 961 3558 inde
973 3502 1238 3579 componeretur.

126 3594 172 3671 At
193 3605 278 3688 quis
299 3606 418 3681 auctor
438 3599 512 3685 eius
538 3600 650 3684 operis
672 3597 781 3676 fuerit,
804 3598 863 3665 vix
885 3617 948 3681 pro
970 3602 1061 3663 certo
1076 3598 1240 3665 affirmare

124 3705 215 3785 licet,
246 3725 312 3771 nec
338 3722 406 3768 uua
430 3709 483 3768 est
507 3704 653 3767 virorum
680 3700 855 3765 doctonrur
880 3700 1049 3765 sententia.
1095 3700 1240 3766 haudul-

126 3808 230 3897 pbum
245 3808 432 3890 ‚sagacem
447 3806 596 3891 plerique
616 3805 758 3890 jactant,
782 3810 816 3866 et
837 3805 870 3868 in
893 3801 1097 3869 editionibus
1120 3824 1241 3871 nomen

127 3913 229 3977 ctiam
240 3913 323 3997 ejus
336 3915 521 3995 apponunt,
537 3895 674 3974 Codicis
687 3906 771 3973 forte
780 3905 924 3990 alicujus
937 3908 1137 3972 auctoritate
1145 3907 1240 3974 moti.

633 4142 744 4196 NOTE

160 4280 175 4311 ⁸
190 4271 554 4343 labibl.Lst.e.l.p.ltt.
740 4273 915 4327 rlndlrsert.
926 4272 960 4322 de
972 4269 1065 4322 Paullo
1076 4268 1206 4322 Dlrcono.
