2992 4875
232 353 256 420 4
657 368 706 418 nn
733 366 919 420 nurnorro

231 512 377 603 irirporror
394 510 539 578 Θιοδοσῐου
554 515 669 596 ποθὴ
694 512 760 592 vel,
778 512 816 604 si¹
829 512 986 579 diversus
1000 511 1066 579 fuit
1078 513 1122 580 ab
1136 512 1213 595 hoc,
1229 514 1334 601 digni·

232 621 336 687 tatem
356 624 466 686 tamon
487 616 719 703 Eutropiomm
741 619 872 703 probat.
917 616 1087 684 Posterior
1107 618 1255 684 maxim
1273 638 1334 703 po·

232 720 336 790 tentia
347 719 454 787 valuit
467 721 529 786 sub
544 716 703 798 Arcadio,
717 739 786 803 qua
805 719 950 804 quidem,
965 740 1041 786 cum
1056 723 1199 807 superbe
1219 723 1335 787 abute-

232 828 333 903 retur,
356 822 488 890 tandem
503 821 653 908 dejectus
669 843 689 888 a
705 823 879 889 consulatu
895 829 930 888 et
944 823 1134 889 interiectus
1148 832 1221 889 est.e
1265 821 1337 889 Ne·

235 948 301 1014 que
321 927 357 991 in
383 927 465 992 viris
486 925 597 1012 ieiuni
618 925 730 1014 riguit
752 926 817 992 hoc
839 946 969 1006 nomen,
997 927 1056 1004 sed
1078 934 1113 993 et
1131 928 1164 992 in
1190 926 1336 993 foeminis

234 1030 448 1114 nobilitatum
483 1035 546 1096 est.
590 1031 671 1096 Fuit
704 1031 791 1097 enim
823 1030 986 1115 Eutropia
1013 1051 1100 1096 uxor
1135 1028 1337 1094 Maximiani

236 1133 401 1216 Herculii,
418 1154 468 1199 ‚ex
490 1153 558 1219 qua
579 1132 791 1199 Maxentium
812 1138 846 1226 et
863 1132 1037 1228 Faustam,
1048 1132 1229 1226 conjugem
1250 1130 1338 1197 Con·

236 1236 390 1316 stamini·
411 1237 572 1322 suscepit·
615 1235 730 1318 Quam
745 1255 821 1302 eum
836 1237 955 1322 Syram
969 1236 1140 1301 mulierem
1151 1241 1252 1301 vocet
1266 1232 1337 1298 Ao·

235 1342 338 1408 relius
352 1340 497 1422 Victor,‘¹
512 1361 583 1407 snae
599 1342 704 1426 gentis
716 1340 869 1406 homines
881 1339 959 1405 inde
973 1339 1198 1417 arcessivisse,
1212 1356 1339 1423 suaque

239 1445 343 1512 tutela
366 1450 401 1512 et
423 1465 489 1529 ope
505 1444 552 1510 ita
566 1442 767 1532 sustinuisse
789 1443 928 1522 videtur,
943 1448 981 1507 ut
994 1449 1116 1528 postea
1129 1440 1173 1506 ad
1192 1459 1340 1506 summos

235 1549 377 1614 honores
389 1548 607 1613 eveherentur.
664 1545 759 1611 Idem
772 1545 872 1609 etiam
887 1564 1007 1609 nomen
1018 1544 1121 1627 gessit
1134 1541 1341 1608 Constantini

237 1670 344 1730 soror,
366 1649 453 1714 unde
471 1648 708 1734 Nepotianum,
734 1648 792 1731 qui
815 1666 891 1711 cunr
914 1648 1087 1731 imperium
1103 1644 1304 1730 arripuisset,
1319 1663 1342 1709 a

239 1751 449 1830 Marcellino,
474 1751 658 1837 Magnentii
682 1751 781 1830 duce,
803 1749 992 1815 interfectos
1014 1756 1079 1829 est,
1101 1750 1246 1835 genitum
1267 1766 1341 1813 esso

238 1856 336 1921 refert
350 1853 534 1921 Zosimus!
671 1839 680 1854 ⁴
924 1845 927 1852 ’

699 2055 814 2136 (ΞΑΡ,
842 2056 892 2135 Π.

467 2225 517 2275 DE
541 2225 720 2276 BUTROPII
745 2226 939 2276 ursuonrcl
962 2224 1119 2274 PATRIA-

249 2433 259 2445 ι
284 2338 345 2407 ΑΝ
368 2363 414 2410 ex
437 2342 675 2428 Eutropiomm
695 2344 754 2411 illa
775 2352 872 2429 gente
892 2345 949 2411 hie
971 2349 1063 2410 ortus
1078 2344 1135 2424 sit,
1155 2344 1218 2410 etsi
1233 2362 1344 2409 avere

241 2463 308 2510 non
321 2446 420 2530 plane
435 2448 598 2527 abhorret,
615 2444 675 2534 pro
696 2454 788 2515 certo
812 2454 921 2514 tamen
945 2448 1100 2514 affirmari
1119 2448 1244 2533 nequit,
1267 2467 1345 2513 cum

123 2626 130 2639 Ι
242 2534 284 2631 de
306 2547 381 2633 ejus
395 2548 560 2615 natalibus
575 2556 608 2615 et
629 2550 738 2635 patria
757 2552 839 2618 nihil
851 2554 885 2618 in
899 2551 1115 2639 scriptoribus
1130 2556 1346 2616 memoratum

181 2646 185 2654 “
239 2644 395 2734 legemr.‘
423 2644 548 2718 Italum
569 2652 654 2720 facit
678 2654 813 2721 Suidas.
857 2654 959 2735 Quod
984 2657 1014 2721 si
1038 2655 1182 2741 patriam
1204 2655 1346 2740 spectat,

240 2751 377 2833 minime
398 2748 593 2821 adversatur
617 2758 853 2842 superioribus,
876 2760 978 2824 immo
1001 2757 1196 2843 Eutropium
1217 2762 1346 2841 gentem

239 2852 275 2918 iu
301 2850 406 2921 Italia
433 2856 625 2922 consedisse
656 2859 788 2944 probat.
840 2859 996 2926 Obtinuit
1020 2862 1120 2925 etiam
1146 2860 1245 2944 vulg'o
1272 2857 1347 2922 haec

242 2955 370 3040 opinio,
393 2954 473 3041 quae
495 2963 604 3055 tamen
621 2961 756 3040 cormit‚
776 2967 834 3026 aut
849 2969 938 3027 certe
958 2961 1192 3041 labefactatur,
1216 2963 1246 3027 si
1269 2977 1346 3026 oum

242 3048 415 3123 Fabricio⁸
428 3058 582 3140 velimus,
594 3060 734 3127 Snidam
744 3063 780 3128 id
796 3058 931 3130 innuere
946 3064 1110 3145 voluisse,
1125 3065 1215 3153 quod
1231 3063 1347 3130 Latine

240 3152 417 3244 scripserit
424 3154 625 3247 'Eutropius
669 3164 791 3233 Galliae
814 3188 890 3233 enm
904 3167 1074 3234 vindicare
1087 3173 1253 3234 tentamnt
1269 3182 1348 3231 anu·

240 3264 329 3325 tores
350 3262 496 3328 historiae
521 3263 675 3334 literar-iae
706 3268 1028 3335 Gallo-Francicus.b
1071 3270 1203 3355 Nempe
1217 3269 1346 3355 putant,

243 3359 385 3444 eundem
398 3383 488 3445 esse,
502 3366 547 3432 ad
561 3387 661 3453 quem
676 3368 910 3454 Symmachus
926 3372 1058 3458 aliquas
1073 3372 1234 3457 epistolas
1244 3367 1348 3450 scrip·

740 3576 851 3641 uon'm*

279 3706 369 3759 ovid.
380 3707 414 3759 de
432 3724 465 3761 co
482 3710 528 3765 Jo.
549 3712 730 3767 Antiocheno·
750 3716 777 3767 in
848 3726 861 3753 ¹
878 3719 908 3771 C.
918 3720 937 3771 1.
949 3718 1070 3769 Fabricio
1080 3718 1223 3769 assentitur
1233 3712 1349 3775 Ἴσι-δᾳ·

243 3785 378 3849 excerptio
395 3784 570 3840 Peirescieuis
589 3806 617 3856 p.
634 3797 691 3845 848.
708 3795 777 3844 unde
816 3796 874 3848 kiur
886 3796 912 3846 in
925 3795 1028 3861 praefat
1040 3796 1072 3845 ed
1085 3796 1195 3860 Eutrop.
1206 3810 1232 3860 p·
1242 3796 1284 3842 ²⁹·

244 3873 292 3910 rna
299 3858 375 3912 duxlt
383 3861 487 3926 fluidas,
498 3872 537 3929 et,
544 3868 588 3933 qui
600 3870 675 3932 piore
684 3871 778 3921 attuie-
848 3871 861 3908 ὓ
877 3873 907 3923 C.
919 3874 936 3923 Ι.
948 3874 987 3923 iris
999 3872 1101 3923 verbis:
1114 3873 1231 3935 Eutrope
1241 3862 1350 3919 eraitde

244 3941 314 4000 not,
330 3935 449 3989 Zosimus
460 3955 488 3991 v.
500 3946 524 3993 a
535 3958 575 4009 sq.
595 3953 622 3996 et
634 3945 776 3998 Philostor·
816 3946 900 4000 meme
921 3949 988 4014 pair,
1008 3964 1059 4012 que
1075 3949 1132 3999 Inte
1147 3949 1269 4006 Auson03
1285 3941 1351 3993 &0⁸2

244 4011 302 4078 gius
312 4026 352 4065 11.
371 4019 447 4082 usq.
479 4018 601 4072 Ionotott
618 4023 701 4088 magis
721 4039 778 4075 ear·
818 4024 1116 4076 ddiredeBonrdeaux
1135 4040 1169 4075 on
1186 4025 1220 4075 de
1238 4018 1351 4087 ‹1⁰0qu

244 4089 324 4155 nine,
344 4093 414 4159 qood
425 4094 452 4144 in
463 4110 523 4148 eum
534 4099 639 4164 rertpoit
657 4100 778 4153 Claudia·
819 4107 893 4152 aune
903 4100 1009 4153 endroit
1019 4101 1190 4168 d'Aquitrine
1199 4102 1236 4153 dn
1246 4095 1304 4150 cert
1315 4093 1351 4143 d·

244 4180 301 4218 ner.
438 4206 441 4211 ·
818 4177 899 4227 Eun

277 4240 338 4369 :ip
345 4244 415 4372 :pit
426 4258 473 4299 ιι.
485 4252 526 4301 12.
850 4266 1098 4334 ‘viduatum
