2992 4875
249 341 295 410 &tl
671 360 721 408 nu
746 357 935 410 uu‘ruorro

151 545 152 548 =
249 504 416 593 hansferri
437 507 595 589 possunt.
640 503 683 570 In
705 506 813 589 primo
832 510 941 570 tamen
964 503 1041 569 loco
1059 503 1212 588 ponenda
1233 503 1287 569 hio
1302 509 1357 569 est

249 605 379 673 butema
393 607 537 688 mucello,
561 629 639 693 qum
657 608 809 693 Eutropii
827 608 1002 674 historiam
1023 627 1089 672 uon
1109 606 1220 671 solum
1235 606 1356 674 iisdem

249 712 373 788 verbis,
397 714 459 778 etsi
481 713 668 777 aliamulta
691 720 809 776 assuat
824 712 875 776 vel
897 714 1083 788 intertexat‚
1106 709 1225 786 reddit,
1247 710 1308 776 sed
1322 717 1356 776 et

251 814 296 877 ab
320 814 417 879 initio
444 820 542 898 auget
566 823 602 879 et
629 815 673 881 ad
698 816 856 880 ulteriora
883 825 1035 899 tempora
1058 813 1276 898 persequitur.
1321 810 1356 877 A

248 915 339 982 Jano
354 921 453 996 enim,
465 939 566 1003 quem
581 919 724 1002 primum
742 919 825 983 lacit
846 918 955 983 ltaliae
978 936 1098 1000 regem,
1114 915 1299 994 exorditur,
1321 921 1356 982 et

249 1019 410 1105 inprime
425 1042 512 1088 anuo
527 1021 746 1105 Imperatoris
762 1020 887 1085 Leonis
903 1019 1040 1084 Armeni
1057 1020 1220 1084 subsistit.
1259 1017 1359 1086 Euat

250 1125 351 1208 igitur
366 1124 540 1204 Gruterus,
563 1125 617 1190 vel
631 1143 804 1209 perperam
820 1143 982 1188 excusum
996 1129 1048 1186 est
1070 1123 1105 1186 iu
1119 1121 1268 1187 historiae
1280 1120 1357 1187 Au·

250 1236 358 1312 gustes
372 1229 592 1313 scriptoribus
607 1227 790 1292 minorihus
807 1226 952 1304 Latois,
975 1228 1010 1289 in
1024 1225 1162 1309 quihus⁰
1181 1226 1356 1291 historiam

250 1332 432 1397 miscellam
443 1332 489 1397 ad
498 1331 817 1397 annumllominicse
827 1327 1063 1398 incarnationis
1072 1328 1149 1394 706.
1161 1327 1358 1412 perdoctam

250 1453 325 1500 esse
349 1437 476 1502 scribit.
521 1436 588 1501 Sed
608 1443 641 1502 et
664 1435 754 1520 quod
777 1431 850 1500 aliid
872 1434 1013 1502 refemnt
1027 1432 1070 1497 ad
1084 1452 1207 1498 annum
1221 1431 1298 1499 806.
1314 1434 1357 1499 de

250 1557 319 1605 aera
334 1537 574 1619 Alexandrina,
589 1560 690 1624 quam
705 1541 856 1624 sequitur
869 1538 1091 1621 Theophanes
1106 1537 1246 1621 ejusque
1259 1538 1359 1602 iuter·

249 1661 328 1725 pres
343 1640 558 1723 Anastasius,
582 1645 722 1728 intelligi
737 1644 848 1709 debet.
894 1641 982 1722 Quae
1008 1660 1084 1705 cum
1108 1661 1130 1705 a
1145 1640 1358 1725 Dionysiana

249 1744 283 1810 7.
297 1747 394 1810 annis
409 1747 588 1833 discrepet,
607 1749 733 1813 usitata
748 1747 884 1830 quidem
904 1751 939 1810 et
959 1750 1096 1828 recepta
1108 1744 1237 1808 ratione
1250 1761 1358 1809 anum

248 1849 458 1931 reponendus
471 1851 535 1915 erit
547 1851 625 1916 813.
670 1850 754 1934 Ipsa
781 1857 893 1914 autem
917 1848 1036 1914 sortita
1059 1852 1111 1912 est
1135 1845 1201 1911 hoc
1224 1865 1356 1925 nomeu,

249 1952 328 2034 quia
342 1973 386 2017 ex
400 1954 504 2018 variis
517 1955 710 2020 auctoribus
730 1954 872 2019 collecta
893 1957 926 2018 et
947 1972 991 2017 ex
1006 1951 1162 2035 partibus
1176 1952 1356 2017 commista

249 2055 285 2120 in
309 2076 412 2121 uuum
436 2059 533 2141 quasi
557 2058 702 2124 maerim
732 2077 858 2142 corpus
882 2057 1015 2140 redigit.
1071 2052 1256 2120 Auctorem
1281 2055 1357 2139 ejus

249 2159 401 2243 plerique
415 2161 542 2227 faciunt
557 2162 712 2228 Paullum
726 2161 1003 2238 warnefridum:
1019 2160 1075 2225 vel
1082 2160 1204 2224 rectius
1214 2156 1359 2224 wame-

249 2261 340 2339 fridi,
367 2283 415 2328 sc.
442 2264 559 2343 filium,
585 2286 694 2349 quem,
722 2267 802 2350 quia
832 2266 943 2331 Caroli
972 2263 1024 2329 M.
1053 2267 1152 2328 aetate
1179 2259 1357 2326 Diaconos

249 2362 477 2451 Aquileiensis
492 2370 568 2446 suit,
592 2369 695 2433 immo
719 2369 825 2434 fuisse
840 2369 944 2452 vulgo
966 2372 1112 2452 putatur,
1137 2364 1238 2447 vulgo
1253 2366 1357 2430 etiam

231 2466 403 2535 -Paullum
421 2464 610 2538 Diaconum
623 2481 756 2539 vocant
802 2473 912 2537 Pauci
925 2473 1012 2537 euim
1036 2472 1071 2536 in
1091 2491 1132 2535 eo
1148 2469 1356 2549 dissentiam,

247 2572 283 2637 in
297 2574 422 2657 quihus
433 2566 493 2641 'Du
508 2572 596 2655 Pin,f
608 2577 667 2661 qui
678 2575 848 2641 Anastasii
862 2595 966 2659 opera
980 2594 1054 2640 eam
1070 2574 1255 2639 confectam
1267 2574 1357 2638 arbi-

249 2679 364 2765 tratru,
379 2680 441 2743 etsi
457 2700 477 2744 a
492 2677 610 2745 Paullo
621 2678 822 2763 Eutropium
834 2686 968 2745 auctum
980 2679 1084 2743 fuisse
1096 2677 1228 2743 miuime
1243 2683 1356 2760 negat,

249 2785 283 2844 et
301 2778 490 2859 baronium
505 2782 562 2865 qui
577 2781 774 2866 Theophani
787 2783 949 2847 attribuit.
982 2781 1087 2846 Falso
1102 2788 1249 2865 uterque.
1282 2779 1359 2845 Fra

247 2881 339 2945 ¹euim
348 2881 497 2948 Vossius
509 2883 690 2961 contendit,
700 2884 884 2949 Barouium
895 2893 973 2969 post
982 2885 1181 2950 Frontonem
1191 2885 1357 2949 Ducaeum

248 2982 284 3048 id
293 3003 358 3049 non
372 2985 415 3050 de
429 2992 500 3051 tota
511 2987 650 3051 historia
662 2987 813 3052 miscella
821 2987 1008 3073 judicasse,
1015 2988 1075 3053 sed
1090 2987 1132 3053 de
1143 2988 1218 3073 ejus
1228 2992 1359 3071 postre-

247 3086 313 3153 nris
336 3089 443 3167 libris,
469 3091 548 3174 ipsa
572 3098 686 3156 tamen
711 3091 852 3157 Baronii
876 3092 980 3158 verba
1003 3111 1079 3157 eam
1103 3092 1357 3157 excusationem

746 3334 858 3387 NOTAE

281 3493 292 3520 ι
308 3486 342 3537 P.
351 3491 409 3538 771.
822 3510 865 3545 rus
876 3494 909 3544 ad
929 3494 1038 3545 Petrum
1046 3493 1194 3544 Diaconum
1212 3492 1318 3546 devisis
1328 3495 1359 3547 il·

280 3561 397 3614 “Veturi
414 3567 531 3617 canisius
546 3569 698 3620 traditione
716 3572 781 3637 ejus,
821 3574 896 3622 lustr.
928 3571 1111 3622 casinensibus
1133 3584 1157 3620 c.
1170 3574 1194 3619 8.
1229 3570 1358 3623 Hamber·

248 3637 381 3691 Fabricius
400 3643 426 3692 in
447 3642 507 3693 bibl.
519 3645 613 3696 Latina
624 3662 646 3697 c.
658 3648 676 3699 l.
688 3662 713 3711 p.
726 3652 781 3699 1³4.
822 3665 900 3715 geras
910 3650 936 3698 ia
950 3648 1111 3698 Nicaeam
1122 3662 1166 3697 oua
1179 3650 1224 3696 den
1236 3649 1359 3699 cornetu-

246 3718 410 3782 Verheyldus
422 3722 448 3770 in
461 3721 563 3785 pratus.
584 3723 616 3773 ad
633 3725 743 3791 Eutrop.
756 3740 781 3790 p.
822 3732 874 3778 stes
886 3724 1074 3785 &meeum
1083 3727 1155 3775 Tour.
1169 3737 1211 3773 ιιι.
1225 3739 1250 3788 p.
1260 3729 1319 3776 686.
1326 3734 1357 3779 et

250 3800 326 3847 ld.—
823 3804 915 3853 Saxius
927 3803 952 3851 iu
964 3802 1136 3853 Onomssrico
1148 3802 1266 3851 literaria
1284 3804 1359 3856 Tora.

279 3881 291 3907 s
315 3876 358 3924 De
378 3875 471 3926 Paullo
486 3877 604 3927 Discono
624 3879 782 3931 dissertatio·
822 3894 854 3930 ιι.
870 3885 948 3944 p.9⁰.

248 3963 306 3999 uem
335 3953 439 4015 scripsit
466 3954 499 4002 (l.
527 3954 660 4017 Mollems,
685 3955 781 4006 Altort'.
855 3953 1188 4008 ‘lubibllotbeessucton
1208 3959 1356 4014 ecclesiast.

247 4033 322 4081 lodo.
333 4034 358 4079 4.
392 4029 475 4092 Alios,
497 4031 541 4096 qui
562 4031 595 4080 de
611 4032 668 4096 ejus
687 4034 741 4083 rita
753 4042 780 4082 et
820 4035 893 4084 Tem.
906 4048 943 4085 vr.
954 4052 979 4098 p.
991 4038 1047 4084 114.

246 4106 320 4157 libris
331 4117 518 4172 exposuerunt,
536 4109 716 4161 indicaverunt
730 4112 781 4161 Na·
853 4119 866 4154 t
884 4113 913 4161 lu
925 4112 1059 4162 annalibus
1070 4113 1104 4163 ad
1116 4129 1176 4165 anu.
1186 4118 1244 4167 tls.
1254 4121 1284 4166 et
1294 4120 1353 4171 m

248 4182 307 4233 talis
323 4182 473 4234 Alexander
490 4185 517 4234 in
528 4185 589 4238 hist.
599 4189 692 4239 eccles.
707 4189 781 4240 Tora.
821 4186 857 4240 ef.
877 4189 1051 4239 Bellarmlnus
1069 4190 1103 4241 de
1115 4193 1251 4260 seriptum.
1261 4192 1358 4249 eccles.

248 4271 275 4310 ιι.
284 4271 344 4311 tac.
353 4264 379 4313 8.
393 4273 453 4327 cap.
463 4264 488 4312 t.
499 4267 550 4314 art.
557 4266 584 4314 o.
592 4278 619 4329 p.
630 4267 689 4314 087.
723 4263 781 4314 bls-
821 4266 894 4336 (Col.
904 4264 989 4334 lost.)
1005 4283 1032 4334 p.
1044 4272 1101 4322 14⁸.
