2992 4875
601 396 793 453 18188111.
1179 388 1246 457 583

185 555 288 615 cerm.
303 551 406 617 Indice
421 562 452 615 st
465 553 677 637 theologia
686 556 833 637 Eutropii.

142 658 221 720 1748
242 650 459 731 Heidelbergae,
483 652 532 714 181.
558 656 595 716 ln
610 652 891 733 BennonisCuspari
905 652 1245 735 118111181188111118111181Ι

181 748 310 808 historiae
338 752 478 811 Romanae
502 752 613 814 Latinis
635 753 782 813 veteribus
795 753 825 810 18
840 769 930 812 unum
944 771 1051 832 corpus
1064 751 1194 819 redactis
1203 753 1242 813 Τ.

183 861 222 905 11.
238 847 405 926 Eutropius,
420 852 478 910 dre.

140 949 221 1010 1784
242 943 402 1018 Varsoviae,
419 954 447 1007 8.
470 946 629 1026 Eutropius
642 954 670 1007 c.
684 945 766 1007 obss.
787 944 947 1007 Reiuhardi
961 965 1016 1024 pro
1031 965 1085 1007 888
1099 945 1244 1007 stamme

183 1038 352 1103 ’818818ῐὶ8
1089 1102 1092 1109 .

139 1059 219 1206 1715
236 1137 437 1211 francofurti,
454 1148 483 1201 8.
498 1140 669 1219 Eutropius,
687 1156 757 1199 eum
769 1137 847 1198 notis
860 1138 1000 1199 German.
1016 1136 1082 1198 Em.
1097 1137 1222 1199 sinceri.

137 1263 181 1282 -
200 1233 294 1304 Halae,
311 1242 357 1295 ta.
371 1235 453 1295 ldem
467 1236 530 1298 siue
543 1236 630 1297 notis.

140 1327 221 1399 1786
241 1331 365 1401 Lutetiae
378 1332 564 1406 Parisiorum,
579 1341 608 1392 8.
619 1333 754 1413 Eutropii
766 1331 942 1393 Breviarium
950 1326 1079 1394 lristoriae
1090 1333 1241 1411 11818888.

179 1429 339 1489 Accedunt
351 1428 468 1488 selectae
481 1430 640 1491 Lectiones
649 1427 842 1490 dilucidando
852 1428 966 1488 auctori
976 1428 1132 1508 appositae.
1143 1428 1242 1488 Lutet.

180 1520 270 1585 Paris.
282 1523 428 1585 sumtibus
442 1525 475 1585 F.
490 1526 532 1585 G.
543 1524 823 1604 Merigot.-Editio
838 1523 931 1584 nitida
941 1534 971 1585 81
980 1538 1124 1587 88881818.
1138 1523 1242 1586 Editor

179 1618 304 1680 maxime
321 1631 442 1682 secutus
455 1632 500 1682 eat
513 1621 562 1681 ed.
577 1623 675 1683 Onon.
689 1620 800 1682 Thom.
817 1621 943 1682 Hearne.
985 1622 1059 1681 Post
1071 1620 1167 1693 181188
1181 1621 1241 1680 188·

180 1716 276 1801 tiones
299 1716 329 1778 18
351 1717 439 1778 111818
463 1717 606 1779 indicatas
619 1718 710 1779 habet
723 1718 812 1779 etiam
827 1718 906 1778 Ten.
922 1717 1008 1803 Fabri
1022 1719 1051 1778 18
1065 1718 1241 1795 Eutropium

179 1812 460 1888 animadversiones,
484 1826 515 1876 et
539 1814 670 1876 iudicem
700 1815 860 1895 duplicem,
887 1833 984 1874 rerum
1012 1813 1185 1876 notabilium
1211 1824 1241 1873 81

177 1909 361 1974 locutionum
375 1912 616 1974 memorabilium.

138 2014 218 2077 17511
232 1995 381 2090 ’08118131
405 2017 434 2071 8.
455 2011 589 2091 Eutropii
610 2010 787 2072 Breviarium
801 2008 930 2071 historiae
943 2009 1085 2070 Romame
1097 2009 1137 2070 ab
1149 2008 1188 2069 U.
1204 2007 1241 2068 C.

177 2102 218 2166 ad
228 2106 382 2169 Valentem
393 2107 470 2187 Aug.
499 2107 656 2169 Recensuit
667 2118 698 2169 et
707 2108 785 2169 notis
797 2106 953 2168 illustravit
962 2106 1010 2168 Jo.
1022 2107 1101 2168 Erid.
1112 2107 1242 2167 Gruuer.

179 2200 321 2284 Coburgi,
335 2223 385 2285 ap.
399 2205 459 2265 Ge.
474 2204 558 2265 0118.

135 2333 180 2349 -
198 2300 326 2375 Hafniar,
351 2311 380 2365 8.
405 2303 573 2382 Eutropius,
595 2312 713 2363 curante
736 2302 824 2361 Lanr.
839 2299 1018 2361 Reinbardo.
1033 2298 1190 2379 Repetitus
1203 2319 1241 2360 er

177 2395 227 2458 sd.
247 2406 333 2470 1188.

138 2498 224 2562 1758
239 2496 366 2569 Parisiis,
383 2504 429 2559 12.
443 2494 577 2577 Eutropii
589 2495 767 2556 Breviarium
779 2494 909 2555 historiae
920 2495 1071 2555 Romanae.
1082 2494 1242 2557 Accedunt

177 2592 297 2654 selectae
308 2594 450 2655 lectiones
463 2591 654 2654 dilucidando
666 2592 781 2654 auctori
793 2593 950 2672 appositae.
965 2591 1058 2673 Typis
1069 2593 1097 2655 1.
1110 2594 1239 2656 Barbou.

141 2697 219 2766 1755
240 2692 333 2764 18818,
349 2701 378 2753 8.
393 2691 555 2771 Eutropius
568 2713 605 2753 cx
618 2712 677 2752 rec.
693 2702 725 2751 et
738 2711 765 2751 c.
779 2712 808 2751 8.
822 2689 949 2751 Cellarii.

138 2793 218 2857 1758
239 2787 433 2861 Francol'urti,
449 2798 477 2851 8.
493 2788 660 2870 Eutropius,
675 2808 743 2849 cum
759 2787 836 2851 notis
850 2788 991 2848 German.
1006 2787 1072 2849 Em.
1088 2785 1211 2848 Sinceri.

138 2884 219 2956 1760
233 2885 371 2960 Londini,
387 2895 415 2949 8.
430 2887 600 2966 Eutropius,
616 2886 683 2947 Lat.
696 2897 727 2947 et
739 2887 827 2967 Angl.
840 2905 908 2946 cum
922 2886 1000 2947 notis
1010 2896 1041 2948 81
1052 2885 1165 2957 Indice,
1175 2894 1240 2946 r'srr.

176 2981 305 3042 Tboma.
1098 3037 1104 3048 ,

142 3077 223 3150 1762
246 3078 384 3158 Lugduni
397 3080 463 3140 Bat.
478 3088 506 3142 8.
522 3080 658 3161 Eutropii
672 3077 854 3139 Breviarium
867 3077 995 3139 historiae
1006 3078 1158 3168 Romauae,
1169 3093 1239 3135 cum

181 3176 361 3255 metaphrasi
382 3178 492 3238 Grae'ca
513 3178 624 3238 Paeonii
641 3188 672 3239 et
694 3178 771 3237 notis
791 3176 956 3237 Variorum.
998 3174 1125 3237 Accedit
1142 3171 1239 3235 Rufus

178 3273 298 3345 Festus,
321 3293 390 3334 eum
403 3274 482 3334 notis
495 3275 660 3336 variorum.
703 3273 873 3345 Receosoit,
895 3293 1022 3353 suasque
1035 3269 1239 3333 annotationes

179 3389 253 3432 cum
277 3370 433 3432 lodicibus
455 3372 569 3452 copios.
590 3369 705 3432 addidit
727 3370 872 3432 Heuricus
887 3369 1033 3450 Verheyk.
1055 3366 1150 3447 Lugd.
1169 3367 1238 3426 Eat.

176 3467 260 3546 apud
276 3467 355 3528 Sam.
370 3478 401 3528 et
421 3469 510 3530 1888.
531 3468 796 3529 Lachmann-ln
811 3466 868 3527 bac
890 3455 939 3526 ed.
963 3474 1033 3526 8881
1044 3463 1152 3535 omnia,
1170 3481 1237 3545 quae

180 3565 213 3625 in
242 3565 507 3646 Havercompiana,
535 3566 654 3628 cellarii
673 3577 773 3628 tamen
800 3573 878 3625 notae
902 3564 1034 3641 integrae.
1075 3562 1238 3620 Accessere

176 3660 270 3741 ipsius
289 3661 411 3724 editoris
426 3672 515 3734 notae,
531 3662 582 3723 ubi
592 3683 640 3725 res
653 3662 806 3746 postulare
821 3659 986 3730 videbatur,
1001 3666 1033 3717 81
1045 3654 1164 3718 lodices
1178 3675 1238 3717 me-

143 3829 149 3836 ,
174 3757 281 3818 liores:
304 3759 391 3820 variae
410 3760 553 3821 lectiones
567 3762 641 3819 Mss.
656 3779 731 3838 quos
744 3759 810 3838 ipse
827 3756 992 3817 8881818181
1006 3753 1160 3834 diligenter
1186 3773 1239 3814 uo·

178 3862 268 3916 tatas:
292 3866 326 3916 ut
340 3859 402 3916 bme
409 3855 477 3933 jam
498 3856 561 3916 sine
575 3856 667 3916 dubio
686 3855 799 3934 optima
813 3853 852 3916 sit
863 3852 965 3914 editio.
1006 3851 1040 3910 18
1054 3847 1237 3930 praefationis

177 3951 275 4013 811818
288 3964 372 4031 parte
386 3963 432 4014 est
455 3962 593 4013 accurata
619 3953 656 4012 de
671 3953 822 4016 Dictatore
847 3952 979 4012 Romano
1002 3945 1174 4028 Disputatio
1198 3946 1237 4007 ad

180 4066 205 4114 1.
222 4060 272 4111 12.

133 4181 177 4196 -
200 4145 404 4219 Novi-castrt,
420 4131 551 4209 &blavii
564 4145 698 4226 Eutropii
710 4145 890 4207 Breviarium
904 4143 1035 4205 historiae
1048 4142 1188 4204 11818888
1206 4141 1236 4204 in

178 4262 264 4306 usum
273 4241 439 4326 juventutis
450 4244 634 4308 sebolssticae
647 4242 853 4312 adomstnms
865 4242 895 4305 1.
909 4243 944 4306 11.
958 4237 1114 4317 ummo,
1129 4238 1159 4302 18
1174 4240 1236 4301 col·
