2992 4875
590 365 674 413 aar.
697 363 780 413 vin.
1191 345 1236 411 27

128 512 296 598 rejiciunt,
325 510 453 596 quippe
486 510 667 595 inquibus
700 516 813 597 aperte
835 510 1082 598 Theophanem,
1106 516 1235 577 remoto

128 617 298 695 Diacoao,
322 616 474 680 histon'ae
496 616 656 681 miscellae
680 623 849 681 auctorem
875 616 1048 701 praedicat.
1095 616 1238 701 Scripsit

128 727 237 785 autem
260 719 319 782 hic
335 718 641 802 chronographiam
659 718 827 798 Graecam,
851 741 926 804 quae
947 717 1093 805 Syncelli
1108 719 1238 785 chroni-

127 844 189 889 con
202 822 347 887 ababuc
356 823 433 888 280.
446 821 489 886 ad
503 820 579 886 813.
595 824 777 900 continuat,
795 829 828 887 et
841 826 884 888 ab
900 823 1078 888 Anastasio
1091 825 1126 887 in
1142 822 1237 887 Iati-

127 928 370 1010 namlinguam
393 945 557 991 couvema
580 934 642 992 est.
689 926 842 1012 Apparet
864 934 971 992 autom
994 947 1038 992 ex
1062 929 1134 1013 ejus
1158 946 1236 992 cum

127 1031 267 1095 historia
283 1029 436 1094 miscella
450 1031 713 1112 comparatione,
726 1033 863 1097 ultimos
878 1030 1012 1116 quidem
1025 1031 1128 1095 libros
1141 1050 1236 1114 repe·

129 1135 208 1199 titos
224 1133 306 1196 inde
321 1151 407 1209 esse,
432 1139 470 1197 at
483 1133 671 1217 superiores
686 1134 818 1199 aliunde
834 1134 1095 1199 consarcinatus.
1142 1132 1236 1198 ldem

127 1237 168 1302 de
182 1233 373 1301 Anastasio
386 1237 486 1316 valet,
510 1236 568 1320 qui
583 1257 649 1301 non
664 1240 727 1303 uisi
749 1239 783 1302 in
798 1246 981 1303 extremam
996 1236 1071 1321 ejus
1085 1236 1235 1301 historias

126 1346 255 1425 partem
281 1342 443 1406 manarit.
500 1340 638 1406 Reiutot
668 1343 766 1406 etiam
795 1348 972 1426 utrumque
1005 1336 1237 1416 lrluraton‘us,l

127 1442 491 1510 uamnmaacouus
512 1441 625 1510 Goar.¹
678 1445 800 1531 Neque
825 1453 937 1509 tamea
961 1445 1017 1508 vel
1040 1444 1091 1508 sic
1113 1442 1236 1527 prioris

125 1548 301 1613 sententiae
318 1552 499 1612 sectatores
513 1549 599 1612 satis
615 1548 680 1613 sibi
696 1555 862 1627 constant,
885 1550 915 1612 si
930 1567 1064 1632 quaeras
1079 1547 1123 1611 de
1136 1546 1237 1611 libro·

126 1671 198 1717 rum
214 1651 506 1736 Eutropianomm
519 1654 704 1736 augmentis
729 1661 763 1719 et
785 1671 892 1718 rerum
914 1651 1237 1737 interpolationibus.

128 1756 226 1821 Duos
247 1764 379 1821 tantum
400 1756 504 1820 libros
526 1776 547 1820 a
563 1755 684 1822 Paullo
701 1756 856 1823 Diacono
876 1757 1008 1821 additos
1028 1775 1101 1819 esse
1120 1753 1238 1819 scribit

128 1856 394 1938 Schonhouias,¹‘
419 1859 510 1945 quod
535 1865 700 1927 tamenin
722 1862 814 1926 nulla
848 1862 992 1926 editione
1015 1879 1051 1923 sc
1073 1859 1237 1943 reperisse

126 1961 269 2027 affirmat
282 1959 515 2048 verheykiusi
559 1964 667 2029 Immo
682 1964 841 2030 editiones
858 1962 1071 2047 interpolatis
1082 1959 1237 2043 Eutropii

126 2064 232 2142 ibris,
249 2066 331 2129 aliae
348 2083 422 2143 sex,
441 2067 617 2146 octoaliae,
632 2067 805 2132 Paullinos
831 2067 871 2130 de
894 2066 994 2147 gestis
1007 2064 1238 2128 Romanorum

129 2169 347 2253 subjungunt,
370 2167 432 2232 etsi
459 2189 510 2233 res
533 2170 608 2254 ipsa
632 2178 766 2254 propter
790 2171 979 2236 instabilem
1002 2169 1160 2232 librorum
1181 2166 1239 2231 de-

127 2271 344 2356 scriptionem
360 2270 404 2334 ad
419 2270 507 2336 idem
522 2272 617 2337 redit.
665 2273 705 2337 In
721 2274 924 2357 quibusdam
940 2272 1086 2337 Paullini
1100 2269 1177 2335 libri
1190 2270 1239 2334 ita

126 2377 1069 2463 sequuntur,utprimusdicatur,quivulgoestliberxr.
1107 2373 1239 2457 Nempe

125 2478 269 2543 historia
281 2478 434 2543 miscella
448 2481 653 2566 conjunctim
669 2482 761 2546 edita
774 2481 851 2547 inde
868 2480 988 2546 alibro
1005 2477 1159 2562 Eutropii
1172 2492 1238 2540 vrit

124 2582 244 2646 relicto
268 2581 340 2666 ejus
353 2580 468 2647 ordine
479 2603 522 2647 ex
537 2585 680 2669 septimo
696 2585 784 2649 duos
796 2584 889 2662 iacit,
905 2583 1084 2667 septimum
1098 2587 1132 2645 et
1145 2585 1239 2644 octa·

126 2704 217 2763 turn,
232 2685 285 2748 uti
300 2683 391 2768 apud
407 2684 598 2767 Gruterum,
621 2686 852 2765 Muratoriam,
870 2706 948 2751 cum
964 2684 1075 2748 Paulli
1091 2683 1238 2748 Diaconi

125 2788 317 2873 Eutropius
342 2791 480 2875 ejusque
515 2792 687 2876 appendix
713 2792 879 2874 vulgarem
906 2788 1162 2872 descriptionem
1187 2804 1239 2849 se·

126 2900 259 2978 quatur.
304 2889 459 2970 Quatuor
482 2913 560 2959 vero
586 2901 714 2960 tantam
738 2895 841 2959 libros
857 2894 909 2989 'ab
931 2912 972 2955 eo
996 2891 1149 2976 adjectos
1162 2908 1238 2954 esse

127 2998 248 3063 scribit
269 2997 482 3077 Fabricius,ll
504 3006 637 3064 sentum
653 3000 821 3064 decimum
842 2994 1007 3081 usquead
1029 2996 1083 3059 24.
1099 3012 1129 3057 a
1152 2993 1239 3057 Isau·

127 3100 258 3184 tripho
269 3100 410 3184 Sagace,
422 3101 458 3165 in
482 3102 591 3185 iisque
603 3108 705 3167 totam
720 3102 787 3167 fere
810 3099 979 3165 Anastasii
993 3095 1241 3161 bibliothecarii

129 3202 282 3269 Romaiu
306 3203 481 3269 historiam
505 3206 769 3270 ecclesiasticam
795 3225 838 3267 ex
864 3201 1012 3284 Georgia
1038 3199 1241 3282 Theophane

128 3307 272 3392 ahisque
302 3306 474 3371 collectam
497 3308 667 3373 contineri.
723 3307 902 3382 VossinS,'¹
925 3301 1095 3368 hubertus
1122 3300 1235 3366 Mirat-

130 3418 196 3491 us,⁰
217 3416 253 3476 et
273 3408 421 3475 ceillier?
440 3411 563 3476 Paullo
579 3410 748 3475 ascribant
762 3409 897 3474 alibros
921 3412 1000 3491 post
1023 3404 1240 3488 Eutropium

130 3514 360 3582 lilihrosinde
376 3535 397 3579 a
411 3515 541 3580 decimo
564 3514 716 3601 Eutropii
739 3514 784 3579 ad
809 3531 930 3578 annum
951 3509 990 3575 C.
1006 3508 1083 3575 730.
1129 3505 1238 3574 Nata·

631 3766 742 3820 NOTAE

160 3900 222 3954 ¹¹ln
234 3898 393 3966 prefatione
413 3899 446 3950 ad
458 3900 590 3954 historiam
607 3900 665 3951 arie
744 3897 796 3950 ¹Iu
809 3896 884 3964 praef.
894 3895 928 3947 ad
938 3897 1048 3960 Eutrop.
1059 3910 1086 3959 p.
1098 3898 1139 3945 lt.

133 3980 234 4043 callem,
252 3994 311 4045 quae
322 3977 423 4029 inserta
434 3987 475 4029 eat
486 3979 543 4045 ejus
557 3979 666 4046 scripto·
738 3985 757 4012 ¹⁸
774 3977 804 4027 C.
817 3978 835 4026 l.
850 3989 876 4038 p.
889 3978 946 4024 134.

133 4055 200 4108 rihru
209 4072 294 4108 reruni
305 4055 459 4106 Italicarum
470 4056 543 4107 Tam.
555 4071 576 4107 ι.
739 4061 752 4088 ¹¹
771 4056 814 4104 De
825 4052 886 4101 bist.
899 4051 956 4100 Lat.
969 4062 1000 4099 rr.
1013 4053 1053 4099 80.
1072 4063 1098 4113 p.
1109 4052 1168 4099 Μ.

163 4135 170 4169 ¹
185 4138 216 4188 ln
241 4136 319 4188 Notis
340 4136 373 4186 aa
398 4135 560 4202 Theophanis
585 4134 666 4190 Chre.
740 4140 753 4167 ⁰
769 4130 812 4182 nd
824 4129 987 4194 sigebertum
1001 4126 1217 4179 Gemblaceuseur

134 4227 205 4279 που.
216 4231 242 4280 p.
251 4220 278 4265 2.
288 4212 333 4265 ed.
345 4212 413 4264 Ven.
661 4212 664 4217 ⁴
712 4208 747 4259 de
756 4207 890 4271 scriptorr.
903 4203 997 4254 eccles.
1005 4218 1029 4253 c.
1038 4206 1079 4253 8⁰.

163 4289 358 4359 *lnpraedarl
371 4290 478 4357 Eutrop.
739 4284 802 4336 rin
815 4282 876 4333 hist.
889 4279 1011 4347 neutrale
1026 4281 1072 4330 cleo
1088 4283 1244 4332 nmmum
