2992 4875
245 388 270 453 6
663 404 713 454 nn
737 404 927 455 ruuaorro

248 547 290 620 0.
303 547 380 619 379.
392 554 430 617 nt
444 548 561 617 doomt
573 547 730 637 Scaliger¹
753 552 788 617 iu
800 552 1002 620 lectionibus
1027 549 1242 630 Antoninis,
1256 558 1292 616 et
1303 571 1346 617 ex

246 654 441 743 Symmachi
452 654 530 721 loeo
545 673 648 740 supra
660 661 841 721 memorato
857 663 1004 722 astruere
1018 660 1159 720 conatus
1173 657 1252 720 est.¹
1268 653 1348 721 Fuit

176 767 181 774 '
245 760 324 825 item
337 758 516 845 proconsul
539 756 645 836 Asiae,
670 763 728 825 aut
743 758 852 825 inisse
866 759 1008 838 videtur,
1033 757 1215 842 Eutropius
1234 765 1347 823 noste

247 863 339 928 circa
357 880 389 926 a.
412 859 562 939 0:37³,
591 861 797 945 Imperatore
820 863 973 942 Valente,
1003 865 1053 928 uti
1078 882 1120 928 ex
1149 859 1345 926 manationis

242 966 331 1031 serie
340 965 500 1044 discetur,
514 964 635 1049 dequo
650 964 737 1029 inira
751 965 882 1030 dicendi
896 965 1034 1050 campus
1048 965 1178 1049 patebit
1191 963 1346 1048 apertior.

244 1066 294 1134 At
307 1067 488 1151 refragatur
502 1074 686 1152 temporum
700 1070 798 1148 ratio,
812 1087 880 1153 quo
899 1069 1005 1133 minus
1024 1075 1200 1152 utrumque
1212 1065 1345 1131 coneili-

245 1171 296 1237 ari
316 1177 351 1237 et
373 1172 530 1255 componi
552 1171 784 1256 recte'possit.
830 1172 949 1251 Immo,
968 1191 1011 1237 an
1029 1177 1139 1237 noster
1154 1166 1344 1256 Symmachi

243 1273 426 1359 Eutropius
448 1273 561 1352 suerit,
582 1293 642 1339 nee
663 1276 745 1339 eatis
764 1280 887 1340 certum
900 1283 965 1353 est,
983 1283 1019 1339 et
1034 1275 1124 1358 gravi
1140 1272 1345 1338 dubitatione

244 1379 416 1463 premitur.
460 1375 588 1442 Noster
613 1376 713 1455 enim,
740 1383 900 1462 quantum
924 1398 969 1443 ex
992 1376 1126 1443 indiciis
1156 1376 1344 1441 manifestis

240 1486 394 1566 apparet,
419 1479 455 1544 in
479 1477 624 1544 Orientis
647 1481 794 1544 maxime
819 1481 969 1563 partibus
990 1487 1142 1545 versatus
1161 1486 1223 1544 est.
1269 1476 1342 1555 Ille,

237 1599 343 1669 'quem
358 1581 579 1668 Symmachus
593 1591 836 1661 commemorat,
851 1587 884 1647 et
896 1589 1021 1667 partem
1033 1583 1248 1667 antiquiorem
1263 1579 1344 1644 ami·

241 1704 500 1751 corumsuorum
515 1688 649 1765 voeat,¹¹
672 1687 707 1751 in
718 1683 819 1751 Italia
833 1684 892 1750 diu
903 1687 981 1768 egit,
995 1691 1029 1751 et
1042 1691 1117 1750 ante
1131 1686 1259 1750 abitum
1274 1702 1343 1747 ser-

239 1805 356 1853 mones
370 1788 590 1854 su'arlssimos
605 1808 681 1855 oum
695 1790 773 1874 ipso
787 1809 878 1875 saepe
888 1791 1078 1869 miscuerat,
1087 1795 1125 1854 ut
1136 1809 1180 1853 ex
1191 1789 1342 1873 pluribus

239 1890 325 1956 locis
339 1891 541 1975 intelligitur.
586 1887 675 1971 Quae
690 1891 826 1976 quidem
841 1893 871 1956 si
886 1893 964 1977 quis
976 1891 1135 1977 expedire
1148 1892 1238 1971 velit,
1252 1898 1286 1957 et
1299 1889 1343 1955 ad

238 1998 387 2058 nostrum
417 1994 546 2073 referre,
569 1994 694 2061 multas
717 2000 889 2060 removeat
911 2014 934 2061 a
958 1994 1191 2078 chronologica
1213 1994 1342 2059 rohone

238 2094 389 2181 objectas
401 2094 624 2177 difficultates,
649 2115 761 2182 neque
775 2103 884 2163 tamen
907 2098 1155 2182 longiusmnlto
1168 2117 1341 2183 promove·

236 2196 298 2260 bit.
343 2195 470 2263 Conna
483 2197 625 2265 Vinetus
639 2202 673 2266 in
687 2200 887 2285 praefatione
908 2200 952 2267 ad
968 2199 1340 2288 Eutropium'Constan-

237 2298 490 2384 tinopolitannm
512 2321 588 2368 eum
612 2302 719 2368 luisse
747 2308 855 2388 putat,
868 2324 940 2385 seu,
966 2305 1100 2391 qualem
1121 2324 1160 2370 se
1182 2309 1340 2371 memoret

236 2397 436 2469 Ammianus
462 2403 705 2486 Marcellinus,²
744 2405 904 2473 Graecum
932 2413 965 2474 et
987 2406 1173 2489 militarem,
1197 2429 1339 2496 eamque

235 2509 430 2573 mannan
443 2509 497 2575 his
510 2510 714 2595 argumentis
736 2510 884 2576 stabilire
896 2511 1035 2592 nititur;
1056 2512 1146 2595 qn'od
1175 2513 1251 2596 ejus
1279 2534 1339 2580 no·

233 2629 311 2674 men
339 2612 473 2679 unicum
502 2615 554 2680 sit*
574 2619 609 2679 et
633 2612 890 2696 Graecanicum
918 2615 1007 2700 quod
1036 2615 1111 2699 ejus
1138 2618 1245 2684 oratio
1273 2637 1338 2684 non

227 2702 415 2778 'admodum
430 2714 583 2781 Romana
603 2715 686 2803 (nisi
701 2718 777 2803 quis
791 2719 917 2784 saeculo
932 2718 1026 2783 malit
1039 2719 1240 2805 ascribere);
1270 2728 1338 2786 tum

233 2810 324 2897 quod
348 2814 437 2881 bella
462 2817 509 2882 sit
532 2825 678 2897 secutus,
693 2820 727 2884 in
748 2840 789 2884 eo
811 2820 892 2885 orbe
904 2827 1018 2904 gesta3
1049 2829 1229 2906 postremo,
1244 2814 1337 2909 qnod

232 2915 277 2979 ad
292 2934 369 2980 eum
382 2918 562 3001 scripserit,
577 2921 635 3005 qui
650 2921 743 3003 apud
766 2920 1089 3007 Constantinopolim
1114 2934 1245 3010 partem
1269 2926 1336 2992 lm·

230 3016 317 3101 perii
333 3016 479 3084 Romani
493 3019 754 3088 administrabat.
801 3022 922 3108 Neque
935 3032 1048 3091 tamen
1062 3027 1131 3106 illa,
1146 3031 1207 3094 etsi
1224 3049 1335 3097 nume·

229 3138 268 3182 ro
282 3126 394 3199 aucta,
404 3121 549 3204 pondere
560 3143 623 3189 sno
638 3126 724 3190 satis
738 3133 960 3195 commovent.
1004 3129 1042 3194 Si
1056 3132 1189 3197 enimin
1199 3136 1333 3200 nomine

229 3219 354 3288 Graeco
378 3223 516 3303 haereas,
544 3245 660 3292 omnes
689 3235 767 3294 sunt
791 3228 916 3311 Graeci,
942 3234 1002 3317 qui
1025 3232 1183 3302 Graecum
1213 3255 1334 3302 nomen

223 3329 357 3406 gerunt,
371 3331 406 3391 et
422 3344 446 3391 a
469 3328 652 3413 majoribus
674 3331 809 3399 Graecis
824 3334 984 3418 originem
1007 3343 1188 3419 traxerunt,
1202 3359 1334 3406 omnes·

227 3444 294 3508 qne
316 3428 404 3493 adeo
429 3428 596 3517 Eutropii,
621 3436 681 3520 qni
708 3442 831 3521 praeter
849 3444 999 3505 noenum
1026 3449 1333 3509 commemorantur.

226 3524 316 3592 Tum
343 3527 419 3613 ipse
453 3532 568 3614 sensit,
598 3537 643 3601 ad
656 3550 785 3605 'omnes
812 3544 1009 3625 posterioris
1034 3548 1147 3612 {emtis
1174 3552 1331 3613 auctores

188 3656 194 3665 ·
223 3627 340 3696 referri
353 3652 467 3717 posse,
486 3637 575 3721 quod
594 3638 636 3705 de
651 3642 801 3707 emtione
818 3641 971 3731 Eutropii
981 3665 1047 3712 non
1061 3648 1244 3715 admodum
1259 3647 1331 3715 Ro·

223 3750 323 3798 mana
347 3737 486 3804 monuit.
530 3738 651 3826 Neque
676 3743 839 3810 validiora
864 3751 950 3825 sunt,
964 3759 1233 3837 momentumque
1251 3750 1329 3817 effc-

222 3840 308 3915 runt,
334 3857 411 3923 quoe
440 3842 483 3907 iis
513 3843 647 3930 adjecit.
693 3845 785 3928 Quis
805 3849 893 3914 enim
914 3858 1023 3935 neget,
1047 3854 1207 3922 initalia
1230 3858 1335 3927 natos

721 4030 831 4083 Nom

263 4129 270 4163 ¹
286 4146 318 4183 n.
331 4139 372 4188 11.
831 4155 844 4181 ·
853 4132 920 4200 ‘hila
931 4161 1015 4202 mr.
1025 4159 1092 4204 extr.

252 4215 270 4247 Ι
287 4222 332 4263 ιιι.
347 4216 388 4264 to.
