2992 4875
253 382 322 449 ott
506 390 704 445 nnosnsus
726 386 897 440 oourourr
923 387 1103 439 surnoerr

257 563 338 612 suae
352 558 418 610 xv.
439 541 554 613 oollet
569 539 611 606 ad
625 557 753 624 paucas
766 557 866 622 pagg.
879 536 1035 604 editionis
1050 533 1191 603 ilenrioi
1205 532 1358 619 verheyk

163 664 166 669 '
257 668 335 732 qnae
351 646 505 733 Lugduni
521 645 643 711 Batus.
654 642 744 709 edita
757 648 811 707 est
826 640 921 708 1762.
1112 680 1115 685 <

638 821 765 889 Codices
781 818 976 887 Oroaiemes.

259 1002 264 1007 .
299 944 384 1017 cod.
399 944 468 1011 Mu·
483 943 635 1028 Eutropii
647 944 733 1008 inter
747 942 849 1008 codd.
863 940 955 1006 Guil.
969 939 1081 1006 laudi
1093 938 1256 1026 Arohiep.
1270 936 1357 1005 Gur·

258 1050 391 1115 tuanin
408 1044 604 1112 Bibliotheca
619 1042 809 1109 Bodleiano.
852 1044 1019 1122 Continet,
1043 1045 1128 1109 inter
1150 1043 1220 1109 alia
1242 1031 1361 1121 mdia,

259 1151 413 1236 Eutropii
436 1149 617 1236 Epitomen
637 1147 803 1215 &manse
829 1147 921 1213 Hist.
947 1147 1023 1211 Lib.
1047 1162 1088 1211 x.
1110 1145 1235 1230 Script
1256 1141 1303 1210 A.
1317 1142 1362 1210 D·

259 1254 358 1321 llud
374 1273 434 1338 per
448 1251 645 1317 monachum
659 1251 827 1335 quendam
840 1249 1006 1316 Jcannem
1022 1247 1263 1334 Mexylynclre.
1317 1290 1324 1295 -

269 1361 273 1367 ’
302 1355 402 1421 Alius
415 1356 450 1421 in
465 1354 603 1420 Seldeni
624 1352 783 1419 Aschiuis
796 1353 832 1417 in
850 1348 1005 1417 Bibliotb.
1021 1349 1118 1415 BodL
1139 1350 1361 1436 amplectitur,

258 1463 339 1525 cum'
346 1458 422 1522 aliis
430 1456 595 1540 plurimis,
607 1454 762 1538 Eutropii
774 1454 816 1518 de
825 1453 941 1519 Gestis
951 1453 1180 1520 Romanorum
1188 1454 1315 1523 Libros
1324 1468 1361 1519 Χ,

258 1581 336 1628 cum
348 1558 449 1625 Pauli
463 1557 655 1624 casinensis
669 1557 824 1623 monachi
836 1557 1080 1624 additamentis.

303 1660 423 1728 Addas
437 1661 528 1747 quod
550 1662 585 1726 in
600 1660 823 1746 Collegiorum
837 1660 949 1728 Oxou.
963 1660 1172 1728 bibliothecis
1186 1679 1362 1726 asservan-

259 1772 317 1855 tur.
327 1769 468 1850 quatuor
492 1765 592 1830 codd.
612 1764 699 1829 Mss.
715 1764 888 1849 Eutropii:
909 1784 1030 1849 nempe
1051 1781 1139 1830 unus
1160 1763 1195 1827 in
1223 1758 1363 1848 congio

262 1863 459 1945 Bullioleust',
475 1867 559 1947 alter
582 1869 619 1932 in
645 1864 867 1946 Limolaiensi,
891 1868 1010 1933 tertius
1032 1867 1068 1932 iu
1092 1863 1307 1954 Mcgdulenu',
1330 1871 1364 1929 et

261 1976 399 2055 quartus
420 1969 455 2033 in
477 1968 685 2034 bibliotheca
710 1967 795 2033 Novi
822 1966 964 2056 collegii.
1020 1968 1071 2034 Hi
1094 1989 1168 2048 sex,
1192 1987 1263 2033 una
1287 1985 1363 2031 curn

259 2071 330 2137 alio
355 2068 516 2135 Messalae
537 2068 687 2149 Coruini,
711 2072 772 2155 qui
793 2071 829 2136 in
855 2071 1061 2137 bibliotheca
1088 2067 1223 2157 congii
1238 2065 1365 2133 Lincol·

210 2168 212 2173 ’
260 2173 374 2238 aiensis
401 2179 468 2253 est,
499 2179 627 2256 septem
661 2173 738 2239 ilios
775 2171 874 2238 codd.
908 2173 1108 2239 constituunt
1141 2171 1363 2248 oxonienses,

260 2275 398 2361 quibus,
412 2281 450 2341 ut
463 2277 588 2341 criticis
596 2282 638 2340 et
651 2275 891 2369 bibliographis
904 2281 1135 2353 memoratum,
1154 2274 1240 2338 Tuo.
1258 2271 1364 2338 Hear-

206 2374 209 2381 ’
260 2380 337 2445 nius
351 2398 432 2445 usus
445 2385 512 2445 est:
528 2378 733 2445 diversorum
743 2378 896 2448 niruirum
909 2378 1109 2445 soeculorum
1120 2382 1154 2442 et
1167 2377 1362 2461 pretiorum:

261 2487 426 2574 atomnes
441 2483 553 2548 varias
571 2482 731 2547 lectiones
744 2500 790 2545 ex
801 2480 932 2560 iisden
955 2486 992 2547 nt
1005 2481 1110 2546 etiam
1124 2500 1168 2547 ex
1181 2499 1252 2545 uno
1267 2475 1364 2545 Galei

263 2582 405 2651 Guntab.
419 2585 556 2667 oollegit
568 2574 610 2649 cl.
625 2584 736 2652 edint,
746 2582 927 2663 Hearnius,
940 2591 976 2649 et
995 2584 1160 2669 quisquis
1173 2602 1233 2648 eas
1258 2582 1365 2659 curio·

262 2686 334 2751 sius
347 2689 433 2752 scire
449 2685 542 2763 velit,
564 2685 714 2750 consulet
732 2706 777 2753 ex
799 2704 937 2752 neccsse
957 2687 1097 2752 nitidam
1117 2691 1152 2749 et
1165 2683 1364 2751 emendatis·

207 2785 208 2788 ’
262 2788 382 2853 sirum
396 2789 487 2852 illam
501 2788 657 2872 Eutropii
668 2787 852 2868 editionem<
861 2787 989 2874 Ononii
1004 2809 1165 2872 excusam
1180 2788 1280 2854 1703.

218 2955 224 2968 ,
262 2949 266 2956 .
307 2877 492 2958 Deicodice
509 2889 835 2974 Magdalensisupra
845 2891 1041 2972 dicto‚inter
1055 2893 1141 2957 alios
1153 2890 1364 2956 oxonienses

264 3012 286 3059 a
300 2992 433 3060 Thomu
449 2993 599 3058 Hearuio
615 3012 708 3078 soepe
722 3000 916 3075 memorato,
940 2997 1088 3061 animum
1108 2993 1212 3060 subiit
1230 2987 1366 3059 dubita·

263 3095 568 3162 tioaninbiblioth.
578 3094 616 3157 M
619 3095 694 3177 ogd.
705 3114 793 3159 nunc
803 3116 920 3163 reuera
933 3105 1148 3164 ocnservatus
1159 3098 1223 3162 sit:
1239 3097 1364 3182 quippe

263 3214 328 3262 nos
342 3196 433 3280 apud
444 3196 623 3274 oxoniam,
633 3197 769 3263 codices
779 3201 971 3266 consulendi
980 3221 1094 3281 cansa,
1104 3220 1212 3286 nuper
1217 3207 1366 3267 'commo-

264 3303 364 3392 ratos,
377 3299 453 3371 aliis
466 3300 580 3388 multis
594 3299 770 3366 codicibus
783 3303 955 3387 inspectis,
970 3303 1025 3369 hic
1040 3301 1284 3389 quodamcasn
1298 3322 1367 3368 om·

264 3400 344 3465 uino
354 3400 477 3484 effingit.
491 3401 540 3467 At
549 3400 684 3486 quidem
697 3421 761 3467 nos
770 3406 925 3470 certiores
936 3405 1079 3471 reddidit
1088 3404 1226 3472 Prteses
1239 3405 1366 3471 doctis·

263 3504 372 3572 simus
383 3504 503 3587 Magn.
514 3504 602 3570 Goll.
616 3504 665 3569 Μ.
678 3504 712 3570 J.
729 3503 854 3584 Routh,
869 3506 955 3571 Μ’.
965 3506 1006 3572 Ρ.
1015 3508 1064 3573 ibi
1077 3511 1193 3572 extare
1206 3507 1297 3574 hunc
1309 3514 1367 3573 co·

261 3606 387 3678 dicem.
430 3605 480 3698 Ut
493 3607 624 3672 videbar
638 3627 680 3671 ex
697 3606 928 3692 descriptione,
943 3610 1034 3694 sepit
1047 3607 1287 3694 antiquitatem,
1301 3628 1367 3675 norr

265 3710 413 3775 multum»
422 3707 596 3774 dissimilis
611 3710 688 3775 aliis
697 3711 768 3796 Jam
784 3710 974 3798 descriptis,
998 3713 1048 3778 sic
1063 3712 1243 3797 incipiens,
1265 3716 1277 3745 ‘
1292 3712 1366 3778 Pri·

266 3830 348 3902 mlle.
367 3813 403 3876 in
425 3811 546 3890 ltalia:
568 3817 629 3878 hnc.
654 3815 802 3878 similiter
827 3821 927 3899 atque
950 3815 1029 3880 edit.
1055 3813 1207 3896 1⁴¹1on
1234 3821 1367 3900 postea,

266 3933 386 3998 nempe
401 3915 508 3999 ipsius
525 3915 676 4002 Eutropii
692 3917 756 3980 sub
771 3918 876 3996 initio,
894 3917 1050 3982 ‘Primus
1063 3916 1255 4002 igitur,’&c.
1277 3911 1369 3982 Mul·

265 4007 337 4100 tum
354 4017 536 4102 discrepat,
561 4021 609 4084 ait
625 4023 675 4085 vir
689 4020 820 4098 doctus,
839 4022 894 4086 hic
915 4020 1031 4086 codex
1055 4039 1076 4084 a
1098 4026 1246 4084 recenter
1259 4011 1368 4084 editis.

269 4115 436 4210 Nimirum
458 4122 692 4187 additamentis
708 4122 808 4188 Pauli
822 4122 967 4189 Diaconi
988 4122 1071 4187 mire
1086 4119 1310 4204 interpolatus
1322 4117 1369 4198 10,-

268 4218 366 4301 glut,
376 4220 413 4285 id
423 4222 515 4306 quod
525 4223 568 4290 de
577 4223 779 4292 editionibus
787 4225 1034 4318 antiquioribus
1044 4241 1109 4292 nos
1119 4223 1277 4290 certiores
1287 4223 1367 4290 iecit
