2992 4875
226 336 296 401 ,28
673 353 723 400 nn
748 352 937 401 nurnorro

249 497 292 564 lis
313 494 530 577 Alexander,q
557 506 683 564 ceteros
706 520 728 564 a
752 501 795 565 17
818 499 994 564 exordiae
1015 497 1164 564 historiae
1189 497 1357 565 miscella

252 606 370 666 notato
392 603 436 666 ad
460 602 506 666 24
526 601 725 686 Landulpbo
751 603 883 684 Sagaci.
942 601 1081 666 Eadem¹
1110 600 1211 664 etiam
1237 602 1363 667 discre-

247 706 371 788 pantia
387 705 546 790 objicitur
571 707 606 768 in
622 707 875 770 accessionibus
890 707 1005 781 rariiS,
1029 706 1150 789 quibus
1171 709 1293 769 auctus
1308 712 1362 768 est

252 808 288 872 in
302 808 437 873 historia
450 810 603 873 miscella
617 808 810 891 Eutropius.
858 807 936 873 Non
945 809 1038 872 enim
1055 806 1201 872 Codices
1215 808 1291 890 ejus
1305 828 1363 873 so·

252 910 335 988 lum,
363 912 422 974 sed
441 918 473 974 et
496 911 570 975 libri
595 910 677 975 editi
693 911 793 976 modo
814 911 928 993 plures
944 911 1130 988 inferciunt,
1158 910 1257 975 modo
1275 929 1362 995 pau-

253 1015 374 1091 ciores,
391 1015 486 1098 quod
502 1021 536 1079 et
550 1019 689 1098 apparet
703 1034 747 1078 ex
764 1017 864 1092 notis,
880 1035 966 1099 quas
982 1015 1129 1098 subjecit
1141 1012 1361 1090 Muratorius,

252 1122 362 1200 elego
378 1118 454 1201 ipsc
468 1117 618 1182 intellexi
642 1139 684 1182 ex
700 1119 949 1208 comparatione
964 1117 1170 1182 Gruterianee
1186 1116 1356 1192 editionis,

252 1238 354 1302 quam
369 1221 503 1303 quidem
519 1222 574 1286 ille
588 1220 745 1304 neglexit.
792 1221 955 1288 Diversus
968 1228 1022 1284 ost
1036 1221 1136 1286 etiam
1150 1218 1260 1283 Paulli
1273 1218 1362 1282 Dia-

253 1323 331 1388 coni
347 1323 543 1407 Eutropius,
565 1327 673 1409 qualis
688 1326 768 1391 olim
784 1325 948 1409 prodibat,
973 1326 1016 1390 ab
1033 1323 1195 1409 Eutropio
1211 1322 1360 1387 historiae

252 1424 425 1504 miscellae,
438 1429 565 1512 quippe
578 1447 654 1511 quae
666 1429 768 1492 aliurn
782 1427 936 1491 Paullum
947 1430 1118 1512 magisque
1133 1432 1267 1491 auctum
1282 1444 1362 1509 pro-

251 1526 353 1606 ducit,
368 1549 468 1613 quam
483 1532 542 1616 qui
558 1530 709 1615 Eutropii
725 1531 818 1595 libris
830 1531 973 1614 appendi
989 1532 1081 1596 solet.
1122 1530 1293 1596 Praeterea
1304 1527 1361 1593 bic

248 1631 297 1702 ,ad
307 1633 426 1697 librum
438 1634 765 1726 xeunproducitur,
776 1654 851 1698 cum
861 1633 1360 1699 historiamiscellahabeatal.

253 1732 295 1797 In
304 1736 449 1801 editione
461 1746 570 1802 tamen
581 1739 769 1803 Basileensi
785 1758 859 1802 ann.
876 1738 973 1803 15:32.
989 1737 1134 1821 decuplo
1146 1736 1253 1821 major
1261 1736 1362 1801 exhi·

251 1839 348 1905 betur
354 1841 540 1925 Eutropius
549 1849 582 1907 et
590 1843 635 1907 23
644 1843 748 1920 libris,
761 1863 879 1925 nempe
889 1849 1025 1906 servato
1035 1842 1192 1906 librorum
1203 1840 1362 1926 Eutropii

252 1941 380 2020 ordine,
395 1945 570 2009 historiam
584 1945 627 2009 ad
647 1945 769 2009 Leonis
785 1952 937 2028 tempora
952 1946 1107 2029 pertexit.
1153 1943 1266 2028 Atque
1278 1943 1359 2009 hinc

249 2045 401 2114 ,conflata
422 2055 473 2113 est
495 2048 636 2112 historia
657 2049 819 2124 miscella,
845 2047 1034 2132 diversique
1059 2047 1137 2112 inde
1160 2048 1223 2111 orti
1248 2046 1362 2113 Paulli

252 2146 400 2216 Diaconi
422 2154 497 2217 libri
514 2154 639 2236 etipsa
656 2151 853 2235 discrepans
876 2152 1026 2216 historia.
1074 2149 1177 2229 Quod
1190 2152 1239 2214 uti
1256 2152 1362 2216 colla-

252 2255 301 2319 tio
325 2256 504 2340 utriusque
533 2255 739 2320 recensionis
764 2254 865 2319 l'acile
896 2255 1019 2318 docere
1046 2260 1168 2337 potest,
1192 2253 1239 2318 ita
1255 2256 1361 2338 probe

247 2358 435 2423 tenendum
451 2366 544 2442 puto,
560 2379 601 2423 nc
616 2377 694 2422 vera
705 2358 792 2421 ratio
809 2360 969 2423 turbetur.
1015 2358 1083 2422 Sed
1099 2362 1136 2422 ut
1151 2358 1360 2424 luculentius

250 2462 316 2526 ista
331 2472 528 2546 appareant,
556 2468 659 2529 totam
682 2462 904 2546 quaestionem
928 2461 1055 2540 ordine,
1077 2468 1111 2526 et
1125 2470 1297 2545 quatenus
1313 2484 1361 2527 ex

251 2567 454 2650 scriptorum
469 2566 603 2630 indiciis
625 2565 790 2648 explicari
808 2584 911 2648 posse
928 2564 1093 2642 videatur,
1121 2565 1265 2630 breviter
1280 2586 1362 2650 per·

250 2686 385 2753 mquar.
432 2669 582 2753 Eutropii
605 2669 757 2746 historia,
782 2669 825 2732 ob
841 2670 1052 2752 perspicuam
1074 2669 1274 2734 brevitatem
1307 2691 1360 2735 re-

249 2791 390 2856 rumque
414 2773 701 2856 amplissimarum
719 2772 944 2856 complexum,
961 2771 1096 2855 cupide,
1118 2794 1193 2838 cum
1211 2780 1244 2837 et
1268 2784 1362 2841 esset

252 2872 454 2959 Imperatori
467 2877 607 2942 Valenti
622 2876 789 2952 dedicata,
808 2896 829 2939 a
843 2876 957 2940 multis
971 2883 1126 2960 excepta,
1143 2878 1307 2956 lectitata,
1323 2887 1360 2945 et

248 2981 393 3062 repetita
408 2986 468 3044 est.
514 2968 650 3046 Docent
677 2980 724 3058 id,
753 2987 873 3063 praeter
896 2988 1072 3045 auctorum
1095 2982 1289 3045 testimonia
1304 3004 1362 3047 su·

250 3101 313 3166 pra
327 3085 485 3168 apposita
499 3092 532 3149 et
547 3090 708 3167 excerpta
732 3103 754 3147 a
777 3083 891 3148 multis
919 3082 1074 3167 Eutropii
1102 3086 1191 3164 loca,
1207 3086 1359 3152 maxime

250 3186 420 3251 versiones
448 3186 624 3271 Capitonis
637 3195 672 3252 et
685 3186 828 3265 Paeanii,
854 3208 876 3252 a
896 3188 1048 3272 pluribus
1063 3195 1267 3266 memoratae,
1284 3192 1360 3275 qui-

249 3289 316 3354 bus
341 3291 493 3355 effectum
522 3297 583 3370 est,
613 3296 650 3355 ut
669 3292 705 3354 in
729 3289 925 3356 Graecorum
949 3292 1051 3356 otiam
1074 3312 1194 3355 manus
1211 3299 1245 3357 et
1258 3313 1359 3360 usum

249 3390 430 3477 Eutropius
446 3396 640 3478 perveniret.
685 3394 740 3459 Ita
754 3415 845 3472 vero,
861 3395 951 3479 qnod
966 3396 1052 3479 solet
1066 3397 1102 3460 iu
1119 3397 1211 3461 libris
1224 3399 1359 3463 brevio·

249 3496 354 3573 ribus,
381 3499 415 3560 in
447 3499 571 3582 quibus
597 3500 720 3562 artium
740 3506 776 3562 et
792 3500 1022 3563 doctrinarum
1048 3500 1148 3565 lineae
1173 3501 1355 3583 ducuntur,

248 3600 395 3663 maxime
411 3601 446 3664 in
461 3600 643 3679 historiole,
666 3608 795 3667 mature
820 3602 872 3666 vel
897 3600 1178 3686 explicationibus
1201 3604 1255 3667 vel
1277 3626 1360 3689 sup·

249 3701 425 3787 plementis
450 3702 601 3789 Eutropii
631 3704 732 3770 lectio
762 3705 887 3791 adjuta,
919 3706 993 3789 ipse
1019 3708 1131 3771 varias
1157 3708 1358 3773 mutationes

745 3891 855 3943 NOTAE

247 3997 410 4051 crta—Tom.
419 4014 501 4051 xvrrr.
513 4018 538 4067 p.
546 4007 603 4055 ala.
822 4007 942 4058 labbeus
951 4007 984 4056 de
993 4008 1128 4071 scriptorr.
1138 4007 1231 4058 eccles.
1240 4006 1316 4057 Toni.
1325 4023 1357 4060 rr.

280 4086 293 4120 a
310 4076 410 4128 Inbist.
419 4077 511 4129 eccles.
522 4081 628 4133 Tomv.
640 4097 666 4146 p.
678 4086 734 4133 686.
820 4099 848 4148 p.
866 4088 923 4134 172.
947 4083 1073 4135 Seldenns
1097 4084 1131 4134 ad
1157 4084 1283 4147 Eutychii
1308 4086 1359 4138 ori·

280 4150 348 4203 'ct
367 4169 431 4218 qnos
459 4156 550 4206 laudat
567 4157 700 4209 Fabricius
721 4175 744 4209 c.
763 4161 780 4210 l.
820 4161 892 4226 gines
903 4160 1096 4212 Alemdrinu
1107 4178 1132 4229 p.
1144 4165 1233 4213 15³.-

247 4229 343 4282 Pltlroei
361 4231 482 4298 praelatio
500 4233 533 4283 ad
552 4234 613 4287 hist.
630 4236 782 4302 miscellam,
