2992 4875
593 430 700 480 ‚osu
724 394 822 478 vm.
1212 413 1256 480 21

154 577 274 660 signet,
288 576 343 642 vei
367 577 460 661 ipsos
480 591 637 642 annorum
651 595 807 641 numeros
828 583 987 661 opponat.
1031 576 1119 641 Tum
1134 594 1156 641 a
1169 576 1256 644 libro

154 680 230 745 iude
245 681 401 765 septimo,
418 700 495 744 cum
518 681 560 743 sd
587 681 790 763 singulorum
813 681 986 746 arbitrium
1001 686 1036 746 et
1052 680 1256 745 dominatum

153 784 360 866 respublica
383 784 516 867 relapsa
528 791 627 861 esset,
642 783 685 847 nd
709 784 850 866 priorem
866 786 1025 849 tutionem
1037 783 1134 861 redit,
1150 790 1185 846 et
1199 802 1257 865 per

154 885 343 969 principum
358 887 446 950 vitus
461 887 605 969 plurium
621 905 781 951 annorum
796 908 850 951 res
865 895 978 972 gestas
993 887 1123 970 digerit,
1138 888 1172 950 in
1188 905 1256 970 quo

154 986 300 1068 quidem,
315 988 346 1051 si
361 1007 525 1053 summam
546 1008 661 1054 earum
686 994 829 1073 spectes,
853 989 1021 1056 difficilius
1046 990 1111 1054 fuit
1133 1009 1255 1055 errare.

155 1086 282 1154 Certim
293 1092 416 1169 evenit,
430 1093 489 1157 nbi
509 1093 656 1174 singulos
677 1113 783 1158 annos
798 1096 941 1160 numeris
954 1095 1101 1162 maxime
1116 1093 1256 1172 iudicet,

153 1192 281 1275 quippe
295 1195 365 1277 qui,
380 1215 447 1259 non
469 1197 585 1275 literis
601 1197 658 1262 sed
673 1199 779 1281 siguis
793 1199 849 1264 vel
867 1200 958 1264 uotis
972 1199 1141 1282 expressi,
1155 1197 1256 1263 facite

117 1309 121 1318 “
153 1315 176 1360 a
199 1295 411 1363 librariorum
436 1300 614 1364 incuriosis
635 1302 792 1367 manibus
816 1303 926 1366 vitiari
947 1302 1054 1367 soient
1073 1309 1110 1365 et
1131 1300 1256 1385 disjici,

153 1401 243 1483 quod
258 1408 294 1465 et
308 1403 343 1465 in
354 1408 471 1486 nostro
486 1423 580 1487 saepe
596 1404 723 1469 sactum
749 1424 825 1469 esse
847 1424 931 1468 usus
957 1403 1070 1482 docet,
1086 1408 1133 1481 ut,
1156 1421 1256 1486 quum

151 1503 356 1586 supputandi
375 1504 539 1571 rationem
555 1516 690 1573 secutus
705 1509 761 1574 ille
778 1510 832 1586 sit,
846 1509 1061 1573 minimeaut
1083 1527 1170 1589 oegre
1186 1511 1256 1570 ste·

152 1608 239 1669 tuere
265 1606 378 1686 liceat,
403 1608 445 1672 de
471 1630 539 1695 quo
564 1611 716 1676 mouendi
741 1614 775 1676 in
801 1614 876 1696 ipso
900 1611 1140 1676 commentario
1163 1627 1257 1693 saepe

153 1713 370 1778 occasionem
391 1715 446 1779 rel
472 1716 700 1781 necessitatem
727 1717 899 1802 objectam
923 1735 1000 1780 esse
1028 1715 1129 1779 sensi.
1173 1703 1258 1778 Sunt

153 1818 271 1893 turum,
285 1816 345 1881 ubi
370 1816 517 1882 Codices
542 1820 731 1899 concinunt,
748 1840 826 1905 quae
846 1819 1010 1884 Varronis
1028 1819 1072 1884 ab
1087 1838 1130 1883 eo
1145 1816 1256 1882 cuicu-

153 1910 201 1981 ios
215 1920 378 2001 probatos
393 1939 467 1986 esse
481 1922 651 1987 suadeant.

598 2161 704 2229 CAP.
727 2161 814 2228 VII.

425 2331 474 2379 Du
497 2330 692 2379 ousrtouu
717 2323 991 2380 eustosinus?

193 2450 297 2518 Usus
314 2459 368 2518 est
383 2452 566 2538 Eutropius
589 2455 624 2517 in
640 2452 881 2519 conscribenda
901 2451 1049 2528 historia,
1071 2468 1147 2534 quoe
1164 2448 1273 2528 decet,

151 2557 308 2634 maxime,
319 2557 468 2621 oratione
483 2559 582 2635 tenui,
598 2562 727 2642 operta,
743 2561 776 2621 et
791 2556 983 2640 perspicuo,
995 2552 1047 2616 sic
1060 2558 1097 2617 ut
1111 2551 1259 2616 deuacto
1288 2606 1292 2615 .

152 2658 241 2723 omni
257 2659 324 2724 iere
346 2665 466 2726 ornatu
489 2659 646 2745 cultuque
668 2658 890 2743 exquisitiori‚
915 2656 986 2719 sine
1000 2654 1178 2718 verborum
1193 2671 1256 2716 nu·

152 2761 568 2841 mantuanensium
590 2761 801 2847 periodorum
824 2759 1003 2824 ambitiosa
1025 2760 1190 2821 structura
1203 2772 1258 2819 res

656 2978 763 3031 NOTAE

180 3112 193 3139 ²
216 3105 257 3156 De
278 3104 399 3170 Eutropii
417 3105 534 3155 oratione
555 3104 685 3155 disserunt
725 3100 809 3150 Porro
829 3101 855 3149 iu
868 3101 1011 3149 uuiversum
1030 3098 1112 3162 magis
1133 3096 1261 3162 disputat,

152 3188 371 3233 commentatores
394 3181 420 3230 iu
437 3180 643 3246 prefationibus,
657 3187 685 3230 et
724 3184 763 3241 et,
774 3192 832 3243 qua
843 3178 948 3243 propius
959 3176 991 3226 ad
1004 3177 1194 3240 ipsamcausam
1202 3189 1260 3240 per·

151 3259 194 3324 qui
205 3259 239 3310 de
251 3258 402 3308 mctoribus
414 3257 548 3309 veteribus
561 3270 686 3321 exposue-
726 3258 820 3320 tinent,
836 3255 947 3307 strictim
967 3260 1069 3315 tautum
1090 3252 1198 3316 attingit
1214 3265 1261 3315 po·

150 3341 220 3399 tunt,
230 3333 314 3383 veluti
328 3333 434 3383 Vossius
445 3332 478 3384 de
489 3333 618 3384 historicis
637 3335 685 3384 Lu·
727 3334 788 3397 tius,
802 3348 880 3400 qnam
892 3332 1004 3397 pressius
1012 3330 1185 3395 persequitur.
1209 3327 1260 3378 tue

151 3411 208 3461 tiois
218 3424 251 3461 tt,
263 3413 286 3461 8.
320 3411 404 3460 Olsus
418 3412 566 3461 Borrichius
583 3410 608 3459 iu
625 3426 684 3461 con·
726 3411 831 3476 quidem
842 3410 951 3460 consilio
962 3409 1095 3473 proposito
1107 3406 1262 3468 intraret,et

149 3494 240 3553 spectu
251 3488 464 3553 prestantiorem
481 3489 637 3553 scripturum
656 3503 683 3537 ιι.
724 3485 1097 3550 esvirtutibusutstortctstyti
1107 3484 1262 3548 Eutropia·

150 3568 282 3630 apti.
316 3565 447 3615 Wuicitius
458 3565 485 3614 iu
497 3565 604 3614 historia
614 3565 684 3613 criti·
725 3566 862 3632 dijudicat.
902 3562 1045 3617 Contendit
1063 3568 1150 3612 auteur
1169 3567 1199 3612 et
1217 3574 1265 3610 ex·

151 3642 262 3693 erkl..
282 3657 342 3705 cap.
354 3648 378 3692 8.
395 3640 584 3711 6.-8εάνάιῐι
605 3657 685 3705 opera
725 3644 817 3708 emptis
837 3641 991 3708 quibusdam
1014 3639 1122 3704 pretatis
1141 3638 1263 3687 evincere

149 3719 214 3770 hanc
236 3720 410 3785 quaestiouem
432 3718 545 3767 instituit
564 3717 685 3766 Reinhat·
725 3721 826 3782 studet,
857 3720 1007 3784 puritatum,
1035 3715 1260 3781 perspicuitatem,

150 3797 196 3847 dur
218 3798 246 3847 tn
273 3796 459 3846 dissertatione
479 3794 634 3860 philologius
651 3794 686 3845 de
725 3797 1086 3866 dignitaternetsuaritatem
1104 3793 1159 3857 qus
1178 3791 1258 3842 orati·

150 3875 217 3939 ¹tyle
229 3873 363 3938 Eutropii,
375 3888 450 3939 quam
463 3871 577 3937 praefixit
593 3870 685 3922 editio·
726 3878 770 3929 oni
780 3877 873 3927 inesse.
907 3874 960 3924 Sed
975 3888 1024 3939 pro
1038 3870 1260 3935 ipsodisputatto·

152 3949 179 3999 ni
189 3965 252 4013 sue,
272 3950 338 3999 etin
361 3947 488 4013 peculiari
510 3947 597 3998 libello
619 3947 685 4012 Aug.
726 3956 766 4005 nis
777 3955 879 4003 modulo
890 3951 986 4001 diutius
1002 3951 1029 4001 iu
1046 3949 1120 4000 aditu
1136 3954 1261 4012 moratus,

151 4025 259 4078 Gottlob
272 4026 344 4076 Frid.
363 4025 497 4077 Koltitriss
514 4025 548 4076 de
568 4033 686 4076 veterum
725 4029 829 4080 indeed
843 4025 1260 4092 persequendasoratiouisirirto·

150 4103 302 4154 latinorum
356 4102 469 4154 tectione
512 4101 685 4169 (vitemberg.
726 4107 788 4157 ricae
809 4106 919 4156 virtutes
945 4103 1022 4154 iatius
1041 4100 1203 4166 expatiatur,
1231 4106 1259 4151 et

151 4185 220 4233 tto-s.
231 4182 270 4241 8.)
288 4181 331 4230 cui
345 4178 473 4244 appendit
493 4188 634 4231 tracmuur
649 4182 683 4231 de
726 4184 801 4250 quasi
810 4182 844 4232 ad
857 4183 923 4232 riam
935 4181 1022 4248 aliqua
1033 4193 1066 4229 ex
1076 4178 1207 4245 Eutropio
1217 4177 1261 4228 de·

149 4259 214 4322 stylo
227 4256 359 4321 Eutropii.
387 4254 471 4306 Nimis
480 4256 684 4308 taurenhicalte
725 4260 819 4328 serpit.

150 4330 684 4401 ruarcpetit,etaiiouasopeimmiscet.
