<?xml version="1.0" encoding="UTF-8"?>
<!DOCTYPE html PUBLIC "-//W3C//DTD XHTML 1.0 Transitional//EN"
    "http://www.w3.org/TR/xhtml1/DTD/xhtml1-transitional.dtd">
<html xmlns="http://www.w3.org/1999/xhtml" xml:lang="en" lang="en">
 <head>
  <title>
</title>
<meta http-equiv="Content-Type" content="text/html;charset=utf-8" />
  <meta name='ocr-system' content='tesseract 3.04.00' />
  <meta name='ocr-capabilities' content='ocr_page ocr_carea ocr_par ocr_line ocrx_word'/>
</head>
<body>
  <div class='ocr_page' id='page_1' title='image "./breviariumhisto02verhgoog/breviariumhisto02verhgoog_0033.png"; bbox 0 0 2992 4875; ppageno 0'>
   <div class='ocr_carea' id='block_1_1' title="bbox 600 353 1242 423">
    <p class='ocr_par' dir='ltr' id='par_1_1' title="bbox 600 353 1242 423">
     <span class='ocr_line' id='line_1_1' title="bbox 600 353 1242 423; baseline 0.002 -2"><span class='ocrx_word' id='word_1_1' title='bbox 600 372 701 422; x_wconf 73' lang='lat' dir='ltr'>-ear,</span> <span class='ocrx_word' id='word_1_2' title='bbox 726 373 760 423; x_wconf 87' lang='lat' dir='ltr'>v.</span> <span class='ocrx_word' id='word_1_3' title='bbox 814 371 820 380; x_wconf 80' lang='grc'>’</span> <span class='ocrx_word' id='word_1_4' title='bbox 1202 353 1242 422; x_wconf 86' lang='grc'>17</span> 
     </span>
    </p>
   </div>
   <div class='ocr_carea' id='block_1_2' title="bbox 134 505 1246 2464">
    <p class='ocr_par' dir='ltr' id='par_1_2' title="bbox 134 505 1246 2464">
     <span class='ocr_line' id='line_1_2' title="bbox 136 505 1243 602; baseline 0 -18"><span class='ocrx_word' id='word_1_5' title='bbox 136 515 295 584; x_wconf 81' lang='lat' dir='ltr'>indicium</span> <span class='ocrx_word' id='word_1_6' title='bbox 308 515 379 602; x_wconf 82' lang='lat' dir='ltr'>peti</span> <span class='ocrx_word' id='word_1_7' title='bbox 392 514 531 586; x_wconf 81' lang='lat' dir='ltr'>minime</span> <span class='ocrx_word' id='word_1_8' title='bbox 544 518 667 601; x_wconf 82' lang='lat' dir='ltr'>possit.</span> <span class='ocrx_word' id='word_1_9' title='bbox 690 512 888 582; x_wconf 81' lang='lat' dir='ltr'>inscribitur</span> <span class='ocrx_word' id='word_1_10' title='bbox 903 520 1014 583; x_wconf 64' lang='lat' dir='ltr'>onem</span> <span class='ocrx_word' id='word_1_11' title='bbox 1023 518 1124 602; x_wconf 81' lang='lat' dir='ltr'>uulgo</span> <span class='ocrx_word' id='word_1_12' title='bbox 1139 505 1243 583; x_wconf 62' lang='lat' dir='ltr'>neri:</span> 
     </span>
     <span class='ocr_line' id='line_1_3' title="bbox 136 617 1241 707; baseline 0.004 -22"><span class='ocrx_word' id='word_1_13' title='bbox 136 623 235 687; x_wconf 68' lang='lat' dir='ltr'>onum</span> <span class='ocrx_word' id='word_1_14' title='bbox 249 620 386 686; x_wconf 62' lang='lat' dir='ltr'>tortorio</span> <span class='ocrx_word' id='word_1_15' title='bbox 403 617 563 699; x_wconf 77' lang='lat' dir='ltr'>Iiorrrone,</span> <span class='ocrx_word' id='word_1_16' title='bbox 579 641 678 705; x_wconf 88' lang='lat' dir='ltr'>quem</span> <span class='ocrx_word' id='word_1_17' title='bbox 693 622 825 685; x_wconf 87' lang='lat' dir='ltr'>titulum</span> <span class='ocrx_word' id='word_1_18' title='bbox 850 642 871 686; x_wconf 91' lang='lat' dir='ltr'>a</span> <span class='ocrx_word' id='word_1_19' title='bbox 896 643 932 686; x_wconf 92' lang='lat' dir='ltr'>se</span> <span class='ocrx_word' id='word_1_20' title='bbox 953 623 1182 707; x_wconf 85' lang='lat' dir='ltr'>praepositum,</span> <span class='ocrx_word' id='word_1_21' title='bbox 1197 642 1241 690; x_wconf 88' lang='lat' dir='ltr'>ne</span> 
     </span>
     <span class='ocr_line' id='line_1_4' title="bbox 136 724 1241 810; baseline 0 -20"><span class='ocrx_word' id='word_1_22' title='bbox 136 725 280 792; x_wconf 85' lang='lat' dir='ltr'>insolens</span> <span class='ocrx_word' id='word_1_23' title='bbox 304 731 407 810; x_wconf 85' lang='lat' dir='ltr'>atque</span> <span class='ocrx_word' id='word_1_24' title='bbox 430 725 515 790; x_wconf 88' lang='lat' dir='ltr'>adeo</span> <span class='ocrx_word' id='word_1_25' title='bbox 538 726 699 790; x_wconf 76' lang='lat' dir='ltr'>badrarus</span> <span class='ocrx_word' id='word_1_26' title='bbox 713 724 874 803; x_wconf 86' lang='lat' dir='ltr'>videatur,</span> <span class='ocrx_word' id='word_1_27' title='bbox 887 724 1034 790; x_wconf 79' lang='lat' dir='ltr'><strong>defendit</strong></span> <span class='ocrx_word' id='word_1_28' title='bbox 1048 724 1191 791; x_wconf 81' lang='lat' dir='ltr'>Vinctus</span> <span class='ocrx_word' id='word_1_29' title='bbox 1205 726 1241 790; x_wconf 84' lang='lat' dir='ltr'>iu</span> 
     </span>
     <span class='ocr_line' id='line_1_5' title="bbox 136 828 1241 914; baseline -0.002 -20"><span class='ocrx_word' id='word_1_30' title='bbox 136 828 342 914; x_wconf 67' lang='lat' dir='ltr'>prefatione.</span> <span class='ocrx_word' id='word_1_31' title='bbox 388 829 499 892; x_wconf 82' lang='lat' dir='ltr'><strong>Docet</strong></span> <span class='ocrx_word' id='word_1_32' title='bbox 525 828 624 905; x_wconf 88' lang='lat' dir='ltr'>enirn,</span> <span class='ocrx_word' id='word_1_33' title='bbox 647 846 688 890; x_wconf 90' lang='lat' dir='ltr'>eo</span> <span class='ocrx_word' id='word_1_34' title='bbox 713 828 814 892; x_wconf 87' lang='lat' dir='ltr'>verbo</span> <span class='ocrx_word' id='word_1_35' title='bbox 838 828 911 912; x_wconf 89' lang='lat' dir='ltr'>jam</span> <span class='ocrx_word' id='word_1_36' title='bbox 941 837 1039 894; x_wconf 87' lang='lat' dir='ltr'>antea</span> <span class='ocrx_word' id='word_1_37' title='bbox 1061 849 1142 893; x_wconf 91' lang='lat' dir='ltr'>usos</span> <span class='ocrx_word' id='word_1_38' title='bbox 1165 848 1241 892; x_wconf 90' lang='lat' dir='ltr'>esse</span> 
     </span>
     <span class='ocr_line' id='line_1_6' title="bbox 136 928 1241 1017; baseline -0.001 -19"><span class='ocrx_word' id='word_1_39' title='bbox 136 934 264 1017; x_wconf 76' lang='lat' dir='ltr'>passim</span> <span class='ocrx_word' id='word_1_40' title='bbox 280 933 491 997; x_wconf 80' lang='lat' dir='ltr'>Suetonium·</span> <span class='ocrx_word' id='word_1_41' title='bbox 508 937 541 996; x_wconf 90' lang='lat' dir='ltr'>et</span> <span class='ocrx_word' id='word_1_42' title='bbox 567 928 741 1007; x_wconf 81' lang='lat' dir='ltr'>Plinium,b</span> <span class='ocrx_word' id='word_1_43' title='bbox 756 938 794 993; x_wconf 92' lang='lat' dir='ltr'>ut</span> <span class='ocrx_word' id='word_1_44' title='bbox 819 933 1090 997; x_wconf 86' lang='lat' dir='ltr'>commentarium</span> <span class='ocrx_word' id='word_1_45' title='bbox 1113 933 1241 998; x_wconf 82' lang='lat' dir='ltr'>indies·</span> 
     </span>
     <span class='ocr_line' id='line_1_7' title="bbox 136 1034 1239 1122; baseline 0 -22"><span class='ocrx_word' id='word_1_46' title='bbox 136 1043 194 1114; x_wconf 86' lang='lat' dir='ltr'>rot,</span> <span class='ocrx_word' id='word_1_47' title='bbox 218 1037 287 1113; x_wconf 86' lang='lat' dir='ltr'>rei,</span> <span class='ocrx_word' id='word_1_48' title='bbox 313 1054 413 1118; x_wconf 89' lang='lat' dir='ltr'>qnam</span> <span class='ocrx_word' id='word_1_49' title='bbox 434 1037 536 1119; x_wconf 80' lang='lat' dir='ltr'>vulgo</span> <span class='ocrx_word' id='word_1_50' title='bbox 550 1034 760 1120; x_wconf 79' lang='lat' dir='ltr'>appellamus</span> <span class='ocrx_word' id='word_1_51' title='bbox 780 1035 975 1118; x_wconf 80' lang='lat' dir='ltr'>epitomen,e</span> <span class='ocrx_word' id='word_1_52' title='bbox 998 1057 1058 1101; x_wconf 88' lang='lat' dir='ltr'>seu</span> <span class='ocrx_word' id='word_1_53' title='bbox 1082 1056 1239 1122; x_wconf 91' lang='lat' dir='ltr'>compen-</span> 
     </span>
     <span class='ocr_line' id='line_1_8' title="bbox 137 1135 1240 1206; baseline -0.001 -1"><span class='ocrx_word' id='word_1_54' title='bbox 137 1139 236 1206; x_wconf 80' lang='lat' dir='ltr'>dium.</span> <span class='ocrx_word' id='word_1_55' title='bbox 294 1135 504 1201; x_wconf 73' lang='lat' dir='ltr'>sommarium</span> <span class='ocrx_word' id='word_1_56' title='bbox 527 1143 638 1202; x_wconf 85' lang='lat' dir='ltr'>tamen</span> <span class='ocrx_word' id='word_1_57' title='bbox 664 1137 742 1201; x_wconf 89' lang='lat' dir='ltr'>oiim</span> <span class='ocrx_word' id='word_1_58' title='bbox 765 1137 888 1201; x_wconf 86' lang='lat' dir='ltr'>dietum</span> <span class='ocrx_word' id='word_1_59' title='bbox 911 1158 984 1202; x_wconf 87' lang='lat' dir='ltr'>esse</span> <span class='ocrx_word' id='word_1_60' title='bbox 1010 1138 1153 1204; x_wconf 84' lang='lat' dir='ltr'>affinnat</span> <span class='ocrx_word' id='word_1_61' title='bbox 1180 1139 1240 1204; x_wconf 86' lang='lat' dir='ltr'>Se-</span> 
     </span>
     <span class='ocr_line' id='line_1_9' title="bbox 137 1238 1240 1325; baseline 0.001 -18"><span class='ocrx_word' id='word_1_62' title='bbox 137 1243 245 1319; x_wconf 76' lang='lat' dir='ltr'>ueea,⁴</span> <span class='ocrx_word' id='word_1_63' title='bbox 259 1242 350 1325; x_wconf 87' lang='lat' dir='ltr'>quod</span> <span class='ocrx_word' id='word_1_64' title='bbox 376 1261 439 1306; x_wconf 88' lang='lat' dir='ltr'>suo</span> <span class='ocrx_word' id='word_1_65' title='bbox 458 1239 722 1325; x_wconf 77' lang='lat' dir='ltr'>ternporeuulgo</span> <span class='ocrx_word' id='word_1_66' title='bbox 739 1238 927 1304; x_wconf 79' lang='lat' dir='ltr'>breviarium</span> <span class='ocrx_word' id='word_1_67' title='bbox 940 1250 1125 1307; x_wconf 85' lang='lat' dir='ltr'>vocaretur.</span> <span class='ocrx_word' id='word_1_68' title='bbox 1170 1242 1240 1308; x_wconf 87' lang='lat' dir='ltr'>Ne-</span> 
     </span>
     <span class='ocr_line' id='line_1_10' title="bbox 136 1343 1241 1428; baseline 0.002 -20"><span class='ocrx_word' id='word_1_69' title='bbox 136 1364 199 1428; x_wconf 90' lang='lat' dir='ltr'>que</span> <span class='ocrx_word' id='word_1_70' title='bbox 213 1352 326 1409; x_wconf 89' lang='lat' dir='ltr'>tamen</span> <span class='ocrx_word' id='word_1_71' title='bbox 339 1351 461 1409; x_wconf 89' lang='lat' dir='ltr'>temere</span> <span class='ocrx_word' id='word_1_72' title='bbox 475 1348 509 1408; x_wconf 90' lang='lat' dir='ltr'>et</span> <span class='ocrx_word' id='word_1_73' title='bbox 528 1364 590 1409; x_wconf 90' lang='lat' dir='ltr'>suo</span> <span class='ocrx_word' id='word_1_74' title='bbox 606 1343 743 1410; x_wconf 83' lang='lat' dir='ltr'>arbitrio</span> <span class='ocrx_word' id='word_1_75' title='bbox 757 1345 841 1408; x_wconf 88' lang='lat' dir='ltr'>banc</span> <span class='ocrx_word' id='word_1_76' title='bbox 855 1364 972 1410; x_wconf 86' lang='lat' dir='ltr'>vocem</span> <span class='ocrx_word' id='word_1_77' title='bbox 994 1345 1125 1414; x_wconf 78' lang='lat' dir='ltr'>addidit</span> <span class='ocrx_word' id='word_1_78' title='bbox 1139 1345 1241 1410; x_wconf 87' lang='lat' dir='ltr'>Vine-</span> 
     </span>
     <span class='ocr_line' id='line_1_11' title="bbox 137 1446 1240 1533; baseline 0 -20"><span class='ocrx_word' id='word_1_79' title='bbox 137 1456 202 1526; x_wconf 88' lang='lat' dir='ltr'>tus,</span> <span class='ocrx_word' id='word_1_80' title='bbox 232 1448 358 1533; x_wconf 89' lang='lat' dir='ltr'>quippe</span> <span class='ocrx_word' id='word_1_81' title='bbox 386 1468 487 1531; x_wconf 84' lang='lat' dir='ltr'>qnam</span> <span class='ocrx_word' id='word_1_82' title='bbox 512 1449 547 1512; x_wconf 92' lang='lat' dir='ltr'>in</span> <span class='ocrx_word' id='word_1_83' title='bbox 571 1446 696 1512; x_wconf 83' lang='lat' dir='ltr'>Codice</span> <span class='ocrx_word' id='word_1_84' title='bbox 721 1468 784 1512; x_wconf 92' lang='lat' dir='ltr'>suo</span> <span class='ocrx_word' id='word_1_85' title='bbox 808 1449 943 1533; x_wconf 90' lang='lat' dir='ltr'>antiquo</span> <span class='ocrx_word' id='word_1_86' title='bbox 966 1449 1155 1526; x_wconf 84' lang='lat' dir='ltr'>invenisset,</span> <span class='ocrx_word' id='word_1_87' title='bbox 1186 1450 1240 1514; x_wconf 91' lang='lat' dir='ltr'>eui</span> 
     </span>
     <span class='ocr_line' id='line_1_12' title="bbox 135 1549 1241 1633; baseline 0 -18"><span class='ocrx_word' id='word_1_88' title='bbox 135 1551 334 1633; x_wconf 82' lang='lat' dir='ltr'>suffragatur</span> <span class='ocrx_word' id='word_1_89' title='bbox 349 1549 467 1614; x_wconf 83' lang='lat' dir='ltr'>Codex</span> <span class='ocrx_word' id='word_1_90' title='bbox 482 1550 724 1615; x_wconf 82' lang='lat' dir='ltr'>Ambrosianus</span> <span class='ocrx_word' id='word_1_91' title='bbox 744 1550 895 1615; x_wconf 86' lang='lat' dir='ltr'>bistoriae</span> <span class='ocrx_word' id='word_1_92' title='bbox 916 1553 1089 1630; x_wconf 78' lang='lat' dir='ltr'>miscellae,</span> <span class='ocrx_word' id='word_1_93' title='bbox 1106 1553 1158 1617; x_wconf 88' lang='lat' dir='ltr'>vei</span> <span class='ocrx_word' id='word_1_94' title='bbox 1173 1550 1241 1617; x_wconf 88' lang='lat' dir='ltr'>Eu·</span> 
     </span>
     <span class='ocr_line' id='line_1_13' title="bbox 135 1651 1241 1739; baseline -0.001 -20"><span class='ocrx_word' id='word_1_95' title='bbox 135 1656 245 1739; x_wconf 80' lang='lat' dir='ltr'>tropii·</span> <span class='ocrx_word' id='word_1_96' title='bbox 270 1653 473 1738; x_wconf 85' lang='lat' dir='ltr'>interpolati.</span> <span class='ocrx_word' id='word_1_97' title='bbox 517 1651 571 1720; x_wconf 85' lang='lat' dir='ltr'>An</span> <span class='ocrx_word' id='word_1_98' title='bbox 597 1653 681 1718; x_wconf 87' lang='lat' dir='ltr'>alios</span> <span class='ocrx_word' id='word_1_99' title='bbox 710 1654 811 1718; x_wconf 88' lang='lat' dir='ltr'>etiam</span> <span class='ocrx_word' id='word_1_100' title='bbox 836 1655 939 1720; x_wconf 90' lang='lat' dir='ltr'>libros</span> <span class='ocrx_word' id='word_1_101' title='bbox 969 1657 1151 1739; x_wconf 82' lang='lat' dir='ltr'>scripserit,</span> <span class='ocrx_word' id='word_1_102' title='bbox 1177 1655 1241 1719; x_wconf 89' lang='lat' dir='ltr'>etsi</span> 
     </span>
     <span class='ocr_line' id='line_1_14' title="bbox 136 1754 1243 1850; baseline 0.001 -28"><span class='ocrx_word' id='word_1_103' title='bbox 136 1758 277 1850; x_wconf 69' lang='lat' dir='ltr'>dubiunr</span> <span class='ocrx_word' id='word_1_104' title='bbox 294 1758 429 1821; x_wconf 88' lang='lat' dir='ltr'>minime</span> <span class='ocrx_word' id='word_1_105' title='bbox 443 1757 555 1822; x_wconf 88' lang='lat' dir='ltr'>baberi</span> <span class='ocrx_word' id='word_1_106' title='bbox 580 1757 699 1841; x_wconf 79' lang='lat' dir='ltr'>possit,</span> <span class='ocrx_word' id='word_1_107' title='bbox 714 1777 790 1822; x_wconf 88' lang='lat' dir='ltr'>cum</span> <span class='ocrx_word' id='word_1_108' title='bbox 806 1758 841 1821; x_wconf 92' lang='lat' dir='ltr'>id</span> <span class='ocrx_word' id='word_1_109' title='bbox 861 1754 995 1822; x_wconf 79' lang='lat' dir='ltr'>Suidas‘</span> <span class='ocrx_word' id='word_1_110' title='bbox 1017 1759 1137 1823; x_wconf 88' lang='lat' dir='ltr'>diserte</span> <span class='ocrx_word' id='word_1_111' title='bbox 1156 1758 1243 1826; x_wconf 88' lang='lat' dir='ltr'>affir-</span> 
     </span>
     <span class='ocr_line' id='line_1_15' title="bbox 135 1860 1242 1947; baseline 0.002 -22"><span class='ocrx_word' id='word_1_112' title='bbox 135 1865 212 1940; x_wconf 89' lang='lat' dir='ltr'>met,</span> <span class='ocrx_word' id='word_1_113' title='bbox 226 1860 343 1944; x_wconf 86' lang='lat' dir='ltr'>quales</span> <span class='ocrx_word' id='word_1_114' title='bbox 357 1864 469 1924; x_wconf 88' lang='lat' dir='ltr'>tamen</span> <span class='ocrx_word' id='word_1_115' title='bbox 488 1860 621 1939; x_wconf 84' lang='lat' dir='ltr'>fuerint,</span> <span class='ocrx_word' id='word_1_116' title='bbox 647 1863 822 1944; x_wconf 83' lang='lat' dir='ltr'>ignoratur.</span> <span class='ocrx_word' id='word_1_117' title='bbox 867 1861 946 1947; x_wconf 91' lang='lat' dir='ltr'>Ipse</span> <span class='ocrx_word' id='word_1_118' title='bbox 966 1864 1074 1947; x_wconf 87' lang='lat' dir='ltr'>majus</span> <span class='ocrx_word' id='word_1_119' title='bbox 1098 1882 1185 1947; x_wconf 90' lang='lat' dir='ltr'>opus</span> <span class='ocrx_word' id='word_1_120' title='bbox 1205 1862 1242 1927; x_wconf 88' lang='lat' dir='ltr'>iu</span> 
     </span>
     <span class='ocr_line' id='line_1_16' title="bbox 136 1949 1246 2047; baseline 0 -17"><span class='ocrx_word' id='word_1_121' title='bbox 136 1963 196 2030; x_wconf 78' lang='lat' dir='ltr'>fine</span> <span class='ocrx_word' id='word_1_122' title='bbox 210 1963 368 2028; x_wconf 78' lang='lat' dir='ltr'>breviarii</span> <span class='ocrx_word' id='word_1_123' title='bbox 381 1965 553 2047; x_wconf 88' lang='lat' dir='ltr'>promittit,</span> <span class='ocrx_word' id='word_1_124' title='bbox 569 1963 627 2028; x_wconf 88' lang='lat' dir='ltr'>sed</span> <span class='ocrx_word' id='word_1_125' title='bbox 643 1983 685 2027; x_wconf 88' lang='lat' dir='ltr'>an</span> <span class='ocrx_word' id='word_1_126' title='bbox 700 1964 884 2047; x_wconf 79' lang='lat' dir='ltr'>perfecerit,</span> <span class='ocrx_word' id='word_1_127' title='bbox 899 1983 966 2027; x_wconf 92' lang='lat' dir='ltr'>non</span> <span class='ocrx_word' id='word_1_128' title='bbox 980 1967 1087 2046; x_wconf 79' lang='lat' dir='ltr'>magis</span> <span class='ocrx_word' id='word_1_129' title='bbox 1103 1949 1246 2030; x_wconf 46' lang='lat' dir='ltr'>constat-¹</span> 
     </span>
     <span class='ocr_line' id='line_1_17' title="bbox 137 2066 1242 2153; baseline 0.001 -21"><span class='ocrx_word' id='word_1_130' title='bbox 137 2067 340 2136; x_wconf 80' lang='lat' dir='ltr'>Accnratius</span> <span class='ocrx_word' id='word_1_131' title='bbox 369 2067 469 2132; x_wconf 89' lang='lat' dir='ltr'>etiam</span> <span class='ocrx_word' id='word_1_132' title='bbox 494 2067 623 2133; x_wconf 88' lang='lat' dir='ltr'>videtur</span> <span class='ocrx_word' id='word_1_133' title='bbox 647 2068 847 2153; x_wconf 81' lang='lat' dir='ltr'>exposuisse</span> <span class='ocrx_word' id='word_1_134' title='bbox 871 2068 912 2131; x_wconf 87' lang='lat' dir='ltr'>de</span> <span class='ocrx_word' id='word_1_135' title='bbox 936 2066 1242 2152; x_wconf 82' lang='lat' dir='ltr'>Constantinopolis</span> 
     </span>
     <span class='ocr_line' id='line_1_18' title="bbox 135 2169 1242 2254; baseline -0.003 -16"><span class='ocrx_word' id='word_1_136' title='bbox 135 2172 385 2250; x_wconf 72' lang='lat' dir='ltr'>instauratione,</span> <span class='ocrx_word' id='word_1_137' title='bbox 412 2172 493 2254; x_wconf 88' lang='lat' dir='ltr'>quia</span> <span class='ocrx_word' id='word_1_138' title='bbox 515 2169 589 2254; x_wconf 89' lang='lat' dir='ltr'>ejus</span> <span class='ocrx_word' id='word_1_139' title='bbox 614 2172 648 2235; x_wconf 90' lang='lat' dir='ltr'>in</span> <span class='ocrx_word' id='word_1_140' title='bbox 674 2172 736 2235; x_wconf 90' lang='lat' dir='ltr'>bac</span> <span class='ocrx_word' id='word_1_141' title='bbox 763 2190 797 2234; x_wconf 87' lang='lat' dir='ltr'>rc</span> <span class='ocrx_word' id='word_1_142' title='bbox 817 2171 1006 2235; x_wconf 84' lang='lat' dir='ltr'>testimonio</span> <span class='ocrx_word' id='word_1_143' title='bbox 1032 2176 1153 2254; x_wconf 84' lang='lat' dir='ltr'>praeter</span> <span class='ocrx_word' id='word_1_144' title='bbox 1173 2170 1242 2235; x_wconf 86' lang='lat' dir='ltr'>alia</span> 
     </span>
     <span class='ocr_line' id='line_1_19' title="bbox 134 2269 1241 2359; baseline -0.002 -19"><span class='ocrx_word' id='word_1_145' title='bbox 134 2282 268 2342; x_wconf 90' lang='lat' dir='ltr'>utuntur</span> <span class='ocrx_word' id='word_1_146' title='bbox 283 2274 445 2339; x_wconf 68' lang='lat' dir='ltr'>Codinus‘</span> <span class='ocrx_word' id='word_1_147' title='bbox 461 2280 494 2338; x_wconf 88' lang='lat' dir='ltr'>et</span> <span class='ocrx_word' id='word_1_148' title='bbox 509 2269 709 2359; x_wconf 64' lang='lat' dir='ltr'>anonymush</span> <span class='ocrx_word' id='word_1_149' title='bbox 732 2273 774 2337; x_wconf 91' lang='lat' dir='ltr'>de</span> <span class='ocrx_word' id='word_1_150' title='bbox 792 2275 1049 2357; x_wconf 82' lang='lat' dir='ltr'>antiquitatibus</span> <span class='ocrx_word' id='word_1_151' title='bbox 1074 2273 1241 2338; x_wconf 84' lang='lat' dir='ltr'>Constan-</span> 
     </span>
     <span class='ocr_line' id='line_1_20' title="bbox 135 2373 1243 2464; baseline -0.004 -19"><span class='ocrx_word' id='word_1_152' title='bbox 135 2377 373 2464; x_wconf 84' lang='lat' dir='ltr'>tinopolitanis.</span> <span class='ocrx_word' id='word_1_153' title='bbox 425 2373 482 2441; x_wconf 82' lang='lat' dir='ltr'>An</span> <span class='ocrx_word' id='word_1_154' title='bbox 501 2376 623 2441; x_wconf 87' lang='lat' dir='ltr'>librum</span> <span class='ocrx_word' id='word_1_155' title='bbox 643 2376 743 2441; x_wconf 87' lang='lat' dir='ltr'>etiam</span> <span class='ocrx_word' id='word_1_156' title='bbox 776 2373 1041 2442; x_wconf 84' lang='lat' dir='ltr'>Grammaticum</span> <span class='ocrx_word' id='word_1_157' title='bbox 1063 2375 1243 2461; x_wconf 85' lang='lat' dir='ltr'>scripserit,</span> 
     </span>
    </p>
   </div>
   <div class='ocr_carea' id='block_1_3' title="bbox 134 2475 1244 3079">
    <p class='ocr_par' dir='ltr' id='par_1_3' title="bbox 134 2475 1244 3079">
     <span class='ocr_line' id='line_1_21' title="bbox 134 2475 1239 2568; baseline -0.004 -20"><span class='ocrx_word' id='word_1_158' title='bbox 134 2504 230 2568; x_wconf 88' lang='lat' dir='ltr'>quem</span> <span class='ocrx_word' id='word_1_159' title='bbox 246 2488 364 2547; x_wconf 85' lang='lat' dir='ltr'>testem</span> <span class='ocrx_word' id='word_1_160' title='bbox 377 2480 418 2546; x_wconf 90' lang='lat' dir='ltr'>de</span> <span class='ocrx_word' id='word_1_161' title='bbox 430 2481 538 2546; x_wconf 87' lang='lat' dir='ltr'>literis</span> <span class='ocrx_word' id='word_1_162' title='bbox 550 2481 693 2546; x_wconf 87' lang='lat' dir='ltr'>advocat</span> <span class='ocrx_word' id='word_1_163' title='bbox 708 2475 925 2557; x_wconf 66' lang='lat' dir='ltr'>Priscianusi</span> <span class='ocrx_word' id='word_1_164' title='bbox 935 2480 1074 2545; x_wconf 90' lang='lat' dir='ltr'>dubium</span> <span class='ocrx_word' id='word_1_165' title='bbox 1089 2494 1140 2545; x_wconf 91' lang='lat' dir='ltr'>est</span> <span class='ocrx_word' id='word_1_166' title='bbox 1153 2487 1239 2544; x_wconf 88' lang='lat' dir='ltr'>rnter</span> 
     </span>
     <span class='ocr_line' id='line_1_22' title="bbox 134 2576 1242 2669; baseline -0.006 -17"><span class='ocrx_word' id='word_1_167' title='bbox 134 2585 284 2652; x_wconf 88' lang='lat' dir='ltr'>eruditos</span> <span class='ocrx_word' id='word_1_168' title='bbox 312 2591 345 2651; x_wconf 90' lang='lat' dir='ltr'>et</span> <span class='ocrx_word' id='word_1_169' title='bbox 367 2586 403 2649; x_wconf 93' lang='lat' dir='ltr'>in</span> <span class='ocrx_word' id='word_1_170' title='bbox 425 2590 753 2669; x_wconf 83' lang='lat' dir='ltr'>utramquepartem</span> <span class='ocrx_word' id='word_1_171' title='bbox 780 2576 886 2648; x_wconf 84' lang='lat' dir='ltr'>causa</span> <span class='ocrx_word' id='word_1_172' title='bbox 917 2584 1032 2666; x_wconf 79' lang='lat' dir='ltr'>agitur.</span> <span class='ocrx_word' id='word_1_173' title='bbox 1086 2581 1242 2646; x_wconf 86' lang='lat' dir='ltr'>Affirmat</span> 
     </span>
     <span class='ocr_line' id='line_1_23' title="bbox 136 2683 1242 2771; baseline -0.005 -17"><span class='ocrx_word' id='word_1_174' title='bbox 136 2684 331 2764; x_wconf 84' lang='lat' dir='ltr'>Hearnius‚¹¹</span> <span class='ocrx_word' id='word_1_175' title='bbox 344 2694 443 2771; x_wconf 87' lang='lat' dir='ltr'>negat</span> <span class='ocrx_word' id='word_1_176' title='bbox 460 2683 625 2766; x_wconf 68' lang='grc' dir='ltr'>17088163,ι</span> <span class='ocrx_word' id='word_1_177' title='bbox 651 2685 743 2751; x_wconf 88' lang='lat' dir='ltr'>etad</span> <span class='ocrx_word' id='word_1_178' title='bbox 760 2686 861 2751; x_wconf 88' lang='lat' dir='ltr'>aliurn</span> <span class='ocrx_word' id='word_1_179' title='bbox 881 2686 989 2751; x_wconf 87' lang='lat' dir='ltr'>refert.</span> <span class='ocrx_word' id='word_1_180' title='bbox 1027 2685 1134 2762; x_wconf 85' lang='lat' dir='ltr'>Certe,</span> <span class='ocrx_word' id='word_1_181' title='bbox 1151 2685 1242 2769; x_wconf 86' lang='lat' dir='ltr'>quod</span> 
     </span>
     <span class='ocr_line' id='line_1_24' title="bbox 134 2789 1244 2875; baseline -0.002 -20"><span class='ocrx_word' id='word_1_182' title='bbox 134 2792 232 2874; x_wconf 85' lang='lat' dir='ltr'>ptura</span> <span class='ocrx_word' id='word_1_183' title='bbox 246 2792 291 2855; x_wconf 86' lang='lat' dir='ltr'>ab</span> <span class='ocrx_word' id='word_1_184' title='bbox 303 2790 467 2875; x_wconf 82' lang='lat' dir='ltr'>Eutropio</span> <span class='ocrx_word' id='word_1_185' title='bbox 482 2790 609 2873; x_wconf 89' lang='lat' dir='ltr'>scripta</span> <span class='ocrx_word' id='word_1_186' title='bbox 622 2810 697 2854; x_wconf 91' lang='lat' dir='ltr'>esse</span> <span class='ocrx_word' id='word_1_187' title='bbox 713 2789 836 2854; x_wconf 89' lang='lat' dir='ltr'>Suidas</span> <span class='ocrx_word' id='word_1_188' title='bbox 850 2789 962 2866; x_wconf 86' lang='lat' dir='ltr'>refert,</span> <span class='ocrx_word' id='word_1_189' title='bbox 978 2809 1042 2853; x_wconf 89' lang='lat' dir='ltr'>non</span> <span class='ocrx_word' id='word_1_190' title='bbox 1059 2790 1141 2852; x_wconf 87' lang='lat' dir='ltr'>satis</span> <span class='ocrx_word' id='word_1_191' title='bbox 1151 2790 1244 2873; x_wconf 86' lang='lat' dir='ltr'>justa</span> 
     </span>
     <span class='ocr_line' id='line_1_25' title="bbox 135 2891 1243 2979; baseline -0.005 -20"><span class='ocrx_word' id='word_1_192' title='bbox 135 2895 248 2959; x_wconf 82' lang='lat' dir='ltr'>baberi</span> <span class='ocrx_word' id='word_1_193' title='bbox 268 2900 383 2979; x_wconf 91' lang='lat' dir='ltr'>potest</span> <span class='ocrx_word' id='word_1_194' title='bbox 405 2899 438 2958; x_wconf 88' lang='lat' dir='ltr'>et</span> <span class='ocrx_word' id='word_1_195' title='bbox 462 2893 574 2976; x_wconf 83' lang='lat' dir='ltr'>gravis</span> <span class='ocrx_word' id='word_1_196' title='bbox 588 2913 705 2971; x_wconf 87' lang='lat' dir='ltr'>causa,</span> <span class='ocrx_word' id='word_1_197' title='bbox 723 2914 781 2957; x_wconf 88' lang='lat' dir='ltr'>cur</span> <span class='ocrx_word' id='word_1_198' title='bbox 796 2892 890 2957; x_wconf 86' lang='lat' dir='ltr'>illum</span> <span class='ocrx_word' id='word_1_199' title='bbox 904 2893 1023 2956; x_wconf 87' lang='lat' dir='ltr'>libnrm</span> <span class='ocrx_word' id='word_1_200' title='bbox 1039 2891 1243 2957; x_wconf 85' lang='lat' dir='ltr'>Grammati-</span> 
     </span>
     <span class='ocr_line' id='line_1_26' title="bbox 136 2995 1242 3079; baseline -0.003 -17"><span class='ocrx_word' id='word_1_201' title='bbox 136 3018 212 3063; x_wconf 90' lang='lat' dir='ltr'>eum</span> <span class='ocrx_word' id='word_1_202' title='bbox 234 3005 352 3064; x_wconf 83' lang='lat' dir='ltr'>nostro</span> <span class='ocrx_word' id='word_1_203' title='bbox 374 2995 520 3063; x_wconf 87' lang='lat' dir='ltr'>vindicet</span> <span class='ocrx_word' id='word_1_204' title='bbox 547 2996 728 3061; x_wconf 88' lang='lat' dir='ltr'>Hearnius.</span> <span class='ocrx_word' id='word_1_205' title='bbox 774 2995 1023 3079; x_wconf 86' lang='lat' dir='ltr'>Geograpbiam</span> <span class='ocrx_word' id='word_1_206' title='bbox 1043 2996 1142 3060; x_wconf 85' lang='lat' dir='ltr'>etiam</span> <span class='ocrx_word' id='word_1_207' title='bbox 1159 3000 1242 3059; x_wconf 87' lang='lat' dir='ltr'>trac·</span> 
     </span>
    </p>
   </div>
   <div class='ocr_carea' id='block_1_4' title="bbox 641 3192 747 3243">
    <p class='ocr_par' dir='ltr' id='par_1_4' title="bbox 641 3192 747 3243">
     <span class='ocr_line' id='line_1_27' title="bbox 641 3192 747 3243; baseline 0.009 -1"><span class='ocrx_word' id='word_1_208' title='bbox 641 3192 747 3243; x_wconf 81' lang='lat' dir='ltr'>NOTAE</span> 
     </span>
    </p>
   </div>
   <div class='ocr_carea' id='block_1_5' title="bbox 137 3320 1254 4388">
    <p class='ocr_par' dir='ltr' id='par_1_5' title="bbox 137 3320 1254 4388">
     <span class='ocr_line' id='line_1_28' title="bbox 166 3320 811 3388; baseline -0.003 -17"><span class='ocrx_word' id='word_1_209' title='bbox 166 3332 179 3358; x_wconf 76' lang='lat'><strong>¹</strong></span> <span class='ocrx_word' id='word_1_210' title='bbox 194 3322 255 3374; x_wconf 85' lang='lat' dir='ltr'>Vid.</span> <span class='ocrx_word' id='word_1_211' title='bbox 267 3324 293 3371; x_wconf 91' lang='lat' dir='ltr'>in</span> <span class='ocrx_word' id='word_1_212' title='bbox 310 3322 381 3388; x_wconf 75' lang='lat' dir='ltr'>Aug.</span> <span class='ocrx_word' id='word_1_213' title='bbox 396 3336 419 3372; x_wconf 82' lang='lat' dir='ltr'>e.</span> <span class='ocrx_word' id='word_1_214' title='bbox 431 3326 488 3372; x_wconf 87' lang='grc'><strong>161.</strong></span> <span class='ocrx_word' id='word_1_215' title='bbox 505 3321 550 3372; x_wconf 86' lang='lat' dir='ltr'>obi</span> <span class='ocrx_word' id='word_1_216' title='bbox 566 3320 670 3371; x_wconf 78' lang='lat' dir='ltr'>‘brevi-</span> <span class='ocrx_word' id='word_1_217' title='bbox 712 3335 733 3369; x_wconf 89' lang='lat' dir='ltr'>r.</span> <span class='ocrx_word' id='word_1_218' title='bbox 751 3336 776 3384; x_wconf 92' lang='lat' dir='ltr'>p.</span> <span class='ocrx_word' id='word_1_219' title='bbox 787 3325 811 3370; x_wconf 89' lang='lat'>1.</span> 
     </span>
     <span class='ocr_line' id='line_1_29' title="bbox 138 3395 1245 3464; baseline -0.003 -13"><span class='ocrx_word' id='word_1_220' title='bbox 138 3402 216 3451; x_wconf 74' lang='lat' dir='ltr'>oriem</span> <span class='ocrx_word' id='word_1_221' title='bbox 229 3401 310 3450; x_wconf 79' lang='lat' dir='ltr'>totius</span> <span class='ocrx_word' id='word_1_222' title='bbox 323 3399 435 3464; x_wconf 76' lang='lat' dir='ltr'>imperii</span> <span class='ocrx_word' id='word_1_223' title='bbox 445 3399 558 3462; x_wconf 78' lang='lat' dir='ltr'>dicitnr3</span> <span class='ocrx_word' id='word_1_224' title='bbox 571 3400 671 3451; x_wconf 70' lang='grc'><strong>111061-</strong></span> <span class='ocrx_word' id='word_1_225' title='bbox 752 3395 761 3431; x_wconf 72' lang='lat' dir='ltr'><strong>f</strong></span> <span class='ocrx_word' id='word_1_226' title='bbox 778 3398 804 3447; x_wconf 86' lang='lat' dir='ltr'>S.</span> <span class='ocrx_word' id='word_1_227' title='bbox 816 3412 842 3446; x_wconf 88' lang='lat' dir='ltr'>r.</span> <span class='ocrx_word' id='word_1_228' title='bbox 858 3395 998 3461; x_wconf 68' lang='lat' dir='ltr'>Ebrpirror,</span> <span class='ocrx_word' id='word_1_229' title='bbox 1011 3396 1056 3447; x_wconf 90' lang='lat' dir='ltr'>ubr</span> <span class='ocrx_word' id='word_1_230' title='bbox 1078 3400 1137 3447; x_wconf 79' lang='lat' dir='ltr'>bac</span> <span class='ocrx_word' id='word_1_231' title='bbox 1155 3396 1245 3449; x_wconf 83' lang='lat' dir='ltr'>babet:</span> 
     </span>
     <span class='ocr_line' id='line_1_30' title="bbox 137 3476 1254 3540; baseline 0.001 -14"><span class='ocrx_word' id='word_1_232' title='bbox 137 3478 170 3526; x_wconf 72' lang='lat' dir='ltr'>ba</span> <span class='ocrx_word' id='word_1_233' title='bbox 187 3494 209 3527; x_wconf 86' lang='lat' dir='ltr'>c.</span> <span class='ocrx_word' id='word_1_234' title='bbox 221 3480 262 3527; x_wconf 98' lang='grc'>12.</span> <span class='ocrx_word' id='word_1_235' title='bbox 277 3476 452 3526; x_wconf 80' lang='lat' dir='ltr'>‘breviarium</span> <span class='ocrx_word' id='word_1_236' title='bbox 472 3479 621 3539; x_wconf 80' lang='lat' dir='ltr'>rationnm3’</span> <span class='ocrx_word' id='word_1_237' title='bbox 645 3478 671 3526; x_wconf 92' lang='lat' dir='ltr'>in</span> <span class='ocrx_word' id='word_1_238' title='bbox 710 3476 839 3537; x_wconf 58' lang='lat' dir='ltr'>‘Poenae</span> <span class='ocrx_word' id='word_1_239' title='bbox 849 3476 954 3540; x_wconf 68' lang='grc' dir='ltr'>ἱστορίαν</span> <span class='ocrx_word' id='word_1_240' title='bbox 964 3476 1254 3539; x_wconf 55' lang='lat' dir='ltr'>&amp;somarium</span> 
     </span>
     <span class='ocr_line' id='line_1_31' title="bbox 138 3551 1018 3618; baseline 0.003 -18"><span class='ocrx_word' id='word_1_241' title='bbox 138 3555 246 3618; x_wconf 69' lang='lat' dir='ltr'>vespas.</span> <span class='ocrx_word' id='word_1_242' title='bbox 256 3569 279 3603; x_wconf 85' lang='lat' dir='ltr'>c.</span> <span class='ocrx_word' id='word_1_243' title='bbox 289 3558 330 3603; x_wconf 91' lang='grc'>21.</span> <span class='ocrx_word' id='word_1_244' title='bbox 347 3551 507 3603; x_wconf 87' lang='lat' dir='ltr'>‘officiorum</span> <span class='ocrx_word' id='word_1_245' title='bbox 525 3552 670 3616; x_wconf 84' lang='lat' dir='ltr'>breviaria,’</span> <span class='ocrx_word' id='word_1_246' title='bbox 711 3555 778 3618; x_wconf 72' lang='grc' dir='ltr'>φανῇ</span> <span class='ocrx_word' id='word_1_247' title='bbox 788 3552 884 3616; x_wconf 74' lang='grc' dir='ltr'>ἔγραψε,</span> <span class='ocrx_word' id='word_1_248' title='bbox 894 3553 933 3602; x_wconf 76' lang='grc' dir='ltr'>καὶ</span> <span class='ocrx_word' id='word_1_249' title='bbox 944 3552 1018 3603; x_wconf 72' lang='lat' dir='ltr'>tuna.</span> 
     </span>
     <span class='ocr_line' id='line_1_32' title="bbox 139 3626 1246 3695; baseline -0.003 -15"><span class='ocrx_word' id='word_1_250' title='bbox 139 3638 166 3680; x_wconf 82' lang='lat' dir='ltr'>et</span> <span class='ocrx_word' id='word_1_251' title='bbox 176 3631 243 3695; x_wconf 84' lang='lat' dir='ltr'>qood</span> <span class='ocrx_word' id='word_1_252' title='bbox 257 3631 365 3694; x_wconf 84' lang='lat' dir='ltr'>propius</span> <span class='ocrx_word' id='word_1_253' title='bbox 377 3630 427 3679; x_wconf 88' lang='lat' dir='ltr'>bne</span> <span class='ocrx_word' id='word_1_254' title='bbox 439 3629 513 3692; x_wconf 83' lang='lat' dir='ltr'>facit,</span> <span class='ocrx_word' id='word_1_255' title='bbox 530 3631 671 3680; x_wconf 83' lang='lat' dir='ltr'>de&#39;Gram·</span> <span class='ocrx_word' id='word_1_256' title='bbox 737 3640 750 3674; x_wconf 72' lang='lat' dir='ltr'>t</span> <span class='ocrx_word' id='word_1_257' title='bbox 768 3631 808 3679; x_wconf 86' lang='lat' dir='ltr'>De</span> <span class='ocrx_word' id='word_1_258' title='bbox 821 3632 912 3692; x_wconf 78' lang='lat' dir='ltr'>origin.</span> <span class='ocrx_word' id='word_1_259' title='bbox 926 3631 1061 3679; x_wconf 81' lang='lat' dir='ltr'>Constant.</span> <span class='ocrx_word' id='word_1_260' title='bbox 1076 3646 1101 3694; x_wconf 88' lang='lat' dir='ltr'>p.</span> <span class='ocrx_word' id='word_1_261' title='bbox 1113 3633 1137 3679; x_wconf 82' lang='grc'>7.</span> <span class='ocrx_word' id='word_1_262' title='bbox 1154 3626 1246 3693; x_wconf 81' lang='lat' dir='ltr'>(ven.)</span> 
     </span>
     <span class='ocr_line' id='line_1_33' title="bbox 139 3706 1043 3771; baseline 0.001 -18"><span class='ocrx_word' id='word_1_263' title='bbox 139 3715 198 3756; x_wconf 75' lang='lat' dir='ltr'>mat.</span> <span class='ocrx_word' id='word_1_264' title='bbox 210 3722 234 3756; x_wconf 89' lang='lat' dir='ltr'>c.</span> <span class='ocrx_word' id='word_1_265' title='bbox 245 3710 285 3755; x_wconf 85' lang='lat' dir='ltr'>lo.</span> <span class='ocrx_word' id='word_1_266' title='bbox 295 3706 389 3755; x_wconf 80' lang='lat' dir='ltr'>eodem</span> <span class='ocrx_word' id='word_1_267' title='bbox 403 3721 479 3755; x_wconf 84' lang='lat' dir='ltr'>sensu</span> <span class='ocrx_word' id='word_1_268' title='bbox 495 3706 671 3756; x_wconf 76' lang='lat' dir='ltr'>‘breviarium</span> <span class='ocrx_word' id='word_1_269' title='bbox 745 3706 757 3740; x_wconf 81' lang='lat'>¹²</span> <span class='ocrx_word' id='word_1_270' title='bbox 777 3709 832 3757; x_wconf 86' lang='lat' dir='ltr'>Lib.</span> <span class='ocrx_word' id='word_1_271' title='bbox 843 3723 861 3757; x_wconf 91' lang='lat'>1.</span> <span class='ocrx_word' id='word_1_272' title='bbox 875 3724 899 3770; x_wconf 85' lang='lat' dir='ltr'>p.</span> <span class='ocrx_word' id='word_1_273' title='bbox 912 3713 934 3756; x_wconf 73' lang='lat'>⁴.</span> <span class='ocrx_word' id='word_1_274' title='bbox 952 3706 1043 3771; x_wconf 84' lang='lat' dir='ltr'>(Ven.)</span> 
     </span>
     <span class='ocr_line' id='line_1_34' title="bbox 141 3780 1246 3848; baseline 0 -16"><span class='ocrx_word' id='word_1_275' title='bbox 141 3796 224 3832; x_wconf 84' lang='lat' dir='ltr'>rernm</span> <span class='ocrx_word' id='word_1_276' title='bbox 236 3782 427 3832; x_wconf 71' lang='lat' dir='ltr'>Romanarum!</span> <span class='ocrx_word' id='word_1_277' title='bbox 673 3780 678 3787; x_wconf 85' lang='lat'>&#39;</span> <span class='ocrx_word' id='word_1_278' title='bbox 745 3784 859 3834; x_wconf 87' lang='lat' dir='ltr'>¹Lib.r.</span> <span class='ocrx_word' id='word_1_279' title='bbox 882 3803 907 3848; x_wconf 86' lang='lat' dir='ltr'>p.</span> <span class='ocrx_word' id='word_1_280' title='bbox 919 3790 975 3835; x_wconf 74' lang='grc'><strong>516.</strong></span> <span class='ocrx_word' id='word_1_281' title='bbox 991 3784 1032 3833; x_wconf 86' lang='lat' dir='ltr'>ed.</span> <span class='ocrx_word' id='word_1_282' title='bbox 1046 3784 1170 3833; x_wconf 79' lang='lat' dir='ltr'>Pntscbii.</span> <span class='ocrx_word' id='word_1_283' title='bbox 1203 3782 1246 3832; x_wconf 77' lang='lat' dir='ltr'>Ita</span> 
     </span>
     <span class='ocr_line' id='line_1_35' title="bbox 154 3857 1248 3935; baseline -0.001 -26"><span class='ocrx_word' id='word_1_284' title='bbox 154 3857 181 3931; x_wconf 26' lang='lat'>‘⁸</span> <span class='ocrx_word' id='word_1_285' title='bbox 196 3859 228 3909; x_wconf 86' lang='lat' dir='ltr'>Iu</span> <span class='ocrx_word' id='word_1_286' title='bbox 238 3860 300 3911; x_wconf 86' lang='lat' dir='ltr'>hist.</span> <span class='ocrx_word' id='word_1_287' title='bbox 312 3866 368 3910; x_wconf 82' lang='lat' dir='ltr'>net.</span> <span class='ocrx_word' id='word_1_288' title='bbox 378 3873 429 3911; x_wconf 83' lang='lat' dir='ltr'>vn.</span> <span class='ocrx_word' id='word_1_289' title='bbox 448 3864 491 3911; x_wconf 84' lang='grc'>27.</span> <span class='ocrx_word' id='word_1_290' title='bbox 511 3858 577 3927; x_wconf 85' lang='grc'><strong>(26.)</strong></span> <span class='ocrx_word' id='word_1_291' title='bbox 593 3875 672 3935; x_wconf 69' lang='lat' dir='ltr'>xprrr.</span> <span class='ocrx_word' id='word_1_292' title='bbox 715 3863 820 3928; x_wconf 87' lang='lat' dir='ltr'>quidem</span> <span class='ocrx_word' id='word_1_293' title='bbox 831 3863 865 3911; x_wconf 89' lang='lat' dir='ltr'>ibi</span> <span class='ocrx_word' id='word_1_294' title='bbox 875 3880 881 3912; x_wconf 81' lang='lat' dir='ltr'><strong><em>z</em></strong></span> <span class='ocrx_word' id='word_1_295' title='bbox 893 3865 900 3889; x_wconf 89' lang='lat'>‘</span> <span class='ocrx_word' id='word_1_296' title='bbox 910 3863 941 3912; x_wconf 90' lang='lat' dir='ltr'>Id</span> <span class='ocrx_word' id='word_1_297' title='bbox 950 3864 1027 3911; x_wconf 84' lang='lat' dir='ltr'>etiarn</span> <span class='ocrx_word' id='word_1_298' title='bbox 1039 3861 1179 3929; x_wconf 64' lang='lat' dir='ltr'>Errtropiur</span> <span class='ocrx_word' id='word_1_299' title='bbox 1187 3873 1248 3909; x_wconf 88' lang='lat' dir='ltr'>con·</span> 
     </span>
     <span class='ocr_line' id='line_1_36' title="bbox 141 3926 1245 4002; baseline 0.001 -17"><span class='ocrx_word' id='word_1_300' title='bbox 141 3934 179 3987; x_wconf 78' lang='grc'>62.</span> <span class='ocrx_word' id='word_1_301' title='bbox 196 3935 262 4002; x_wconf 89' lang='grc'><strong>(26.)</strong></span> <span class='ocrx_word' id='word_1_302' title='bbox 482 3926 488 3938; x_wconf 63' lang='grc'><strong>’</strong></span> <span class='ocrx_word' id='word_1_303' title='bbox 541 3928 547 3937; x_wconf 60' lang='grc'>’</span> <span class='ocrx_word' id='word_1_304' title='bbox 715 3938 813 4000; x_wconf 85' lang='lat' dir='ltr'>firmat,</span> <span class='ocrx_word' id='word_1_305' title='bbox 825 3938 939 3988; x_wconf 61' lang='lat' dir='ltr'>dicens?</span> <span class='ocrx_word' id='word_1_306' title='bbox 957 3938 1120 3999; x_wconf 80' lang='lat' dir='ltr'>Unadnpiex</span> <span class='ocrx_word' id='word_1_307' title='bbox 1131 3937 1167 3999; x_wconf 87' lang='lat' dir='ltr'>X,</span> <span class='ocrx_word' id='word_1_308' title='bbox 1185 3951 1245 4001; x_wconf 65' lang='lat' dir='ltr'>qun</span> 
     </span>
     <span class='ocr_line' id='line_1_37' title="bbox 172 4012 1249 4085; baseline 0 -22"><span class='ocrx_word' id='word_1_309' title='bbox 172 4020 183 4046; x_wconf 74' lang='lat'><em>⁰</em></span> <span class='ocrx_word' id='word_1_310' title='bbox 198 4012 410 4079; x_wconf 67' lang='lat' dir='ltr'>capannore.</span> <span class='ocrx_word' id='word_1_311' title='bbox 426 4013 512 4064; x_wconf 72' lang='lat' dir='ltr'>suido</span> <span class='ocrx_word' id='word_1_312' title='bbox 523 4015 618 4085; x_wconf 80' lang='lat' dir='ltr'>locum.</span> <span class='ocrx_word' id='word_1_313' title='bbox 715 4017 774 4077; x_wconf 85' lang='lat' dir='ltr'>ideo</span> <span class='ocrx_word' id='word_1_314' title='bbox 786 4016 837 4066; x_wconf 81' lang='lat' dir='ltr'>abi</span> <span class='ocrx_word' id='word_1_315' title='bbox 849 4016 952 4079; x_wconf 77' lang='lat' dir='ltr'>incipit,</span> <span class='ocrx_word' id='word_1_316' title='bbox 970 4016 1030 4080; x_wconf 83' lang='lat' dir='ltr'>qnia</span> <span class='ocrx_word' id='word_1_317' title='bbox 1041 4015 1074 4062; x_wconf 93' lang='lat' dir='ltr'>ob</span> <span class='ocrx_word' id='word_1_318' title='bbox 1091 4014 1200 4064; x_wconf 70' lang='lat' dir='ltr'>Grecos</span> <span class='ocrx_word' id='word_1_319' title='bbox 1220 4014 1249 4063; x_wconf 87' lang='lat' dir='ltr'>in</span> 
     </span>
     <span class='ocr_line' id='line_1_38' title="bbox 171 4088 944 4154; baseline 0.003 -15"><span class='ocrx_word' id='word_1_320' title='bbox 171 4088 183 4122; x_wconf 68' lang='lat'>⁶</span> <span class='ocrx_word' id='word_1_321' title='bbox 200 4091 230 4140; x_wconf 85' lang='lat' dir='ltr'>iu</span> <span class='ocrx_word' id='word_1_322' title='bbox 241 4093 319 4154; x_wconf 82' lang='lat' dir='ltr'>epist.</span> <span class='ocrx_word' id='word_1_323' title='bbox 332 4094 376 4140; x_wconf 78' lang='lat'>89.</span> <span class='ocrx_word' id='word_1_324' title='bbox 641 4130 651 4151; x_wconf 82' lang='grc'>.,</span> <span class='ocrx_word' id='word_1_325' title='bbox 715 4091 826 4141; x_wconf 83' lang='lat' dir='ltr'>eandem</span> <span class='ocrx_word' id='word_1_326' title='bbox 839 4092 944 4141; x_wconf 86' lang='lat' dir='ltr'>desinit.</span> 
     </span>
     <span class='ocr_line' id='line_1_39' title="bbox 173 4158 1249 4237; baseline 0.001 -20"><span class='ocrx_word' id='word_1_327' title='bbox 173 4173 183 4199; x_wconf 79' lang='lat'><em>²</em></span> <span class='ocrx_word' id='word_1_328' title='bbox 199 4167 357 4225; x_wconf 76' lang='lat' dir='ltr'>inscribitur</span> <span class='ocrx_word' id='word_1_329' title='bbox 373 4167 440 4237; x_wconf 81' lang='lat' dir='ltr'>enirn</span> <span class='ocrx_word' id='word_1_330' title='bbox 450 4160 464 4216; x_wconf 71' lang='grc' dir='ltr'>ε’</span> <span class='ocrx_word' id='word_1_331' title='bbox 483 4169 603 4235; x_wconf 84' lang='lat' dir='ltr'>Eutropii</span> <span class='ocrx_word' id='word_1_332' title='bbox 615 4169 674 4221; x_wconf 85' lang='lat' dir='ltr'>bre·</span> <span class='ocrx_word' id='word_1_333' title='bbox 746 4168 759 4204; x_wconf 72' lang='lat'><em>¹</em></span> <span class='ocrx_word' id='word_1_334' title='bbox 775 4169 807 4219; x_wconf 91' lang='lat' dir='ltr'>In</span> <span class='ocrx_word' id='word_1_335' title='bbox 818 4158 924 4234; x_wconf 70' lang='lat' dir='ltr'>prafat.</span> <span class='ocrx_word' id='word_1_336' title='bbox 940 4167 974 4218; x_wconf 87' lang='lat' dir='ltr'>ad</span> <span class='ocrx_word' id='word_1_337' title='bbox 991 4167 1179 4219; x_wconf 79' lang='lat' dir='ltr'>testimonisde</span> <span class='ocrx_word' id='word_1_338' title='bbox 1197 4169 1249 4218; x_wconf 82' lang='lat' dir='ltr'>Eu·</span> 
     </span>
     <span class='ocr_line' id='line_1_40' title="bbox 144 4240 1107 4311; baseline 0.008 -20"><span class='ocrx_word' id='word_1_339' title='bbox 144 4241 245 4292; x_wconf 78' lang='lat' dir='ltr'>riarinnr</span> <span class='ocrx_word' id='word_1_340' title='bbox 257 4245 374 4295; x_wconf 77' lang='lat' dir='ltr'>birtoriae</span> <span class='ocrx_word' id='word_1_341' title='bbox 383 4240 674 4311; x_wconf 40' lang='lat' dir='ltr'>&amp;monendomum</span> <span class='ocrx_word' id='word_1_342' title='bbox 717 4247 814 4311; x_wconf 86' lang='lat' dir='ltr'>tropio.</span> <span class='ocrx_word' id='word_1_343' title='bbox 1102 4302 1107 4311; x_wconf 62' lang='grc'><strong>,</strong></span> 
     </span>
     <span class='ocr_line' id='line_1_41' title="bbox 146 4315 1168 4388; baseline 0.007 -21"><span class='ocrx_word' id='word_1_344' title='bbox 146 4318 170 4367; x_wconf 85' lang='lat' dir='ltr'>io</span> <span class='ocrx_word' id='word_1_345' title='bbox 180 4319 315 4370; x_wconf 62' lang='lat' dir='ltr'>muratorii</span> <span class='ocrx_word' id='word_1_346' title='bbox 324 4315 520 4382; x_wconf 58' lang='lat' dir='ltr'>scriptumst.</span> <span class='ocrx_word' id='word_1_347' title='bbox 530 4321 592 4372; x_wconf 79' lang='lat' dir='ltr'>Ital.</span> <span class='ocrx_word' id='word_1_348' title='bbox 603 4324 675 4373; x_wconf 80' lang='lat' dir='ltr'>&#39;l&#39;onn</span> <span class='ocrx_word' id='word_1_349' title='bbox 749 4322 756 4356; x_wconf 90' lang='lat'><strong>¹</strong></span> <span class='ocrx_word' id='word_1_350' title='bbox 772 4326 815 4377; x_wconf 82' lang='lat' dir='ltr'>De</span> <span class='ocrx_word' id='word_1_351' title='bbox 826 4324 918 4375; x_wconf 84' lang='lat' dir='ltr'>histor.</span> <span class='ocrx_word' id='word_1_352' title='bbox 928 4324 986 4374; x_wconf 77' lang='lat' dir='ltr'>Lat.</span> <span class='ocrx_word' id='word_1_353' title='bbox 999 4336 1030 4373; x_wconf 83' lang='lat'>11.</span> <span class='ocrx_word' id='word_1_354' title='bbox 1042 4327 1065 4374; x_wconf 84' lang='lat'>8.</span> <span class='ocrx_word' id='word_1_355' title='bbox 1074 4338 1100 4388; x_wconf 87' lang='lat' dir='ltr'>p.</span> <span class='ocrx_word' id='word_1_356' title='bbox 1111 4326 1168 4374; x_wconf 83' lang='grc'><strong>198.</strong></span> 
     </span>
    </p>
   </div>
   <div class='ocr_carea' id='block_1_6' title="bbox 209 4400 1184 4471">
    <p class='ocr_par' dir='ltr' id='par_1_6' title="bbox 209 4400 1184 4471">
     <span class='ocr_line' id='line_1_42' title="bbox 209 4400 1184 4471; baseline 0.004 -19"><span class='ocrx_word' id='word_1_357' title='bbox 209 4400 332 4469; x_wconf 60' lang='lat' dir='ltr'>nean</span> <span class='ocrx_word' id='word_1_358' title='bbox 347 4400 485 4453; x_wconf 63' lang='lat' dir='ltr'>reon.</span> <span class='ocrx_word' id='word_1_359' title='bbox 646 4407 749 4471; x_wconf 70' lang='lat' dir='ltr'>Ertrop.</span> <span class='ocrx_word' id='word_1_360' title='bbox 1160 4404 1184 4455; x_wconf 81' lang='lat' dir='ltr'>a</span> 
     </span>
    </p>
   </div>
   <div class='ocr_carea' id='block_1_7' title="bbox 0 0 1504 4875">
    <p class='ocr_par' dir='ltr' id='par_1_7' title="bbox 0 0 1504 4875">
     <span class='ocr_line' id='line_1_43' title="bbox 0 0 1504 4875; baseline 0 0"><span class='ocrx_word' id='word_1_361' title='bbox 0 0 1504 4875; x_wconf 95' lang='lat' dir='ltr'> </span> 
     </span>
    </p>
   </div>
  </div>
 </body>
</html>
