2992 4875
306 431 485 482 nnnvrsn.
508 432 605 481 nrsr.
633 433 720 483 eon.
746 433 819 483 urs.
842 434 883 482 11.
907 435 990 485 csr.
1006 418 1061 486 11.
1168 423 1235 489 8119

127 577 199 641 Epiri
216 574 421 640 massutior
438 581 604 642 poponem:
621 577 661 628 nti
700 576 746 629 rlro
763 577 899 631 victoriana
918 580 1031 644 dedisse,
1050 596 1128 649 quarn
1145 584 1178 635 ab
1194 599 1236 635 su·

127 653 241 705 Phaedro
253 654 282 703 Ι.
303 666 343 703 rr.
363 652 426 704 rso.
443 657 468 704 i.
486 654 662 718 Apcr‘suxi·
699 655 757 718 ciis,
779 671 887 723 qnorum
906 659 1004 709 surllls
1022 674 1079 711 sero
1099 668 1234 723 venerant,

126 732 188 781 linas
216 731 297 796 petiit
321 729 448 781 hominis?
486 731 527 781 ne
554 730 661 783 historia
699 741 907 800 exspectaverat.
956 736 997 787 lle
1024 736 1119 803 Pyrrhi
1146 745 1233 789 anton

125 810 231 860 consule
250 809 324 859 Plut.
342 807 369 857 iu
381 809 412 859 V.
423 808 518 860 lustin.
536 821 618 857 ινιιι.
636 812 659 857 1.
697 811 842 876 elephantis
853 813 1233 881 rideCuperum‚quom'oro-

125 886 242 936 Pansan.
252 901 270 936 ι.
281 891 321 936 li.
332 886 417 936 Cicer.
429 898 460 935 11.
472 885 505 935 de
517 886 607 936 Disln.
617 891 660 937 io.
697 902 754 939 ner.
765 889 864 940 laudat.
877 891 969 941 Exere.
982 903 1014 940 rr.
1026 892 1060 941 de
1072 892 1163 956 Eleph.
1174 907 1198 944 c.
1209 898 1233 943 1.

124 963 196 1014 Vici.
208 965 241 1013 V.
251 963 275 1012 1.
286 965 329 1012 ⁸5.
340 961 417 1012 Oros.
429 974 465 1011 rr.
477 966 501 1012 1.
530 961 648 1026 Volero.
698 965 724 1014 iu
735 967 810 1016 Thes.
827 966 956 1031 Sallengr.
974 968 1006 1018 T.
1018 981 1061 1019 111.
1073 982 1100 1033 p.
1113 973 1169 1020 101.
1180 973 1232 1022 dic.

165 1040 230 1090 esa
254 1040 413 1089 transmarino
438 1039 515 1104 ioris]
547 1039 659 1103 Graecis,
701 1042 818 1108 Veruepl.

122 1115 270 1180 Thessalis,
296 1118 424 1181 Epirotis,
459 1117 658 1170 Macedonibus,
729 1121 801 1171 Mille
811 1121 967 1186 odissemus]
983 1122 1102 1175 lustinus
1118 1124 1233 1175 lauru.

123 1195 195 1247 Gla.
696 1198 743 1257 sit,
756 1199 808 1248 CC.
818 1196 897 1249 fuisse
909 1215 925 1249 a
936 1199 1039 1264 Pyrrho
1048 1209 1148 1265 captos.
1162 1202 1231 1253 (liar.

155 1272 250 1322 Misus
257 1271 304 1335 esi]
320 1270 436 1323 Asara
471 1272 542 1322 Glor.
694 1275 775 1326 Errat
786 1276 936 1327 Glareanus.
947 1290 1006 1326 nonu
1016 1276 1137 1328 lustinus
1148 1291 1231 1328 xrrrs.

153 1350 187 1403 P.
201 1349 313 1399 Volcriss
323 1349 437 1413 habu]
451 1350 562 1400 larim
573 1365 619 1416 per
635 1367 658 1401 ae
696 1360 718 1406 1.
730 1370 780 1406 nou
793 1356 866 1417 dicit,
877 1370 918 1407 cc.
929 1371 945 1406 s
955 1356 1059 1420 Pyrrho
1070 1362 1172 1420 captos,
1183 1358 1230 1408 sed

120 1426 290 1478 scribendum
302 1427 397 1476 docent
408 1426 526 1491 Sigonius
545 1434 572 1478 cl
587 1429 656 1478 Drs-
694 1433 767 1497 hujus
779 1448 871 1498 pugnae
889 1440 1011 1483 arentum
1028 1433 1123 1484 multas
1139 1433 1231 1484 civiss-

119 1503 200 1554 kesb.
220 1505 254 1553 od
271 1505 330 1555 Lir·
347 1506 399 1567 Ep.
411 1517 474 1554 xm,
486 1505 562 1569 Pige.
574 1503 606 1555 ad
624 1504 656 1556 Α.
693 1517 888 1561 tessccutssse
907 1512 931 1562 ei
950 1510 1097 1573 tradidisse,
1107 1517 1136 1560 et
1151 1525 1184 1560 cx
1196 1526 1229 1568 ea

119 1595 250 1634 cnsrxrr.
283 1584 355 1632 Fast.
373 1583 486 1647 Capitol.
508 1590 536 1632 et
553 1583 656 1633 Fubric.
694 1585 785 1651 praeda
799 1588 984 1649 'Pyrrhumcc
999 1587 1117 1651 captivos
1134 1588 1230 1638 milites

117 1659 153 1708 ad
182 1659 261 1709 Oros.
287 1671 327 1709 rr.
355 1673 379 1709 c.
405 1662 427 1709 1.
454 1659 521 1709 snsle
550 1659 657 1710 Psesuio
694 1663 801 1713 Romam
814 1665 895 1729 gratis
911 1663 1047 1726 remisisse,
1063 1665 1113 1714 ‘ut
1125 1664 1229 1727 cognita

117 1735 215 1787 Λιώω
235 1751 283 1800 pro
304 1735 413 1794 Λαιβῖνος
431 1745 462 1788 nt
485 1738 573 1789 (lraeci
594 1738 657 1788 scri·
693 1739 791 1791 virtuto
811 1742 877 1805 ejus,
903 1741 1011 1792 Romani
1038 1750 1228 1805 cognoscerent

118 1810 196 1865 bunt.
229 1814 291 1865 vlu.
308 1829 372 1879 qnos
388 1814 480 1865 landet
501 1816 600 1866 Duker.
622 1816 655 1866 ad
693 1816 773 1866 eliam
793 1817 995 1869 liberalitstern.'
1029 1818 1070 1891 ⁰9
1089 1825 1227 1883 captorum

117 1891 189 1941 Flor.
202 1894 271 1941 uls.
308 1891 424 1955 Verlseylr.
692 1900 770 1958 atquc
780 1894 923 1945 occisorum
933 1909 1039 1945 nurnero
1047 1895 1228 1960 discrepantes

153 1969 435 2032 Qsiessrexploruiorcs
445 1970 536 2034 Pyr-ris·
547 1970 656 2035 cepisset]
691 1969 797 2020 interae
810 1972 953 2036 scriptores
964 1972 1025 2021 vide
1040 1972 1112 2022 Plut.
1131 1988 1157 2038 p.
1169 1977 1228 2025 8⁹4.

117 2047 276 2111 Exemplum
298 2053 339 2096 est
360 2047 436 2096 ulmis
458 2061 558 2112 rnnguoe
578 2046 656 2098 conti-
692 2047 806 2110 Epitons.
826 2048 882 2100 Lir.
899 2062 957 2099 nr.
974 2048 1062 2115 ibique
1083 2050 1227 2103 comment.

115 2127 216 2176 dentiae
234 2133 262 2175 et
275 2124 413 2189 jactantiae
436 2126 530 2175 rnerito
546 2125 654 2190 punitae.
692 2121 769 2176 Oros.
781 2137 818 2174 rr.
828 2139 886 2190 cap.
898 2130 922 2176 1.
947 2125 1040 2176 Zonnr.
1052 2139 1115 2176 rur.
1130 2140 1190 2191 cup.
1202 2130 1226 2179 2.

114 2205 218 2254 Fecere
234 2210 323 2259 tamen
343 2202 413 2252 idom
425 2202 487 2252 allas
504 2202 594 2266 nagal
604 2203 654 2253 viri
694 2203 763 2254 Veris.

114 2281 198 2332 etism
211 2279 329 2331 Romani.
364 2279 435 2329 Giar.
722 2276 1225 2341 Smsoluo01Flor.r.e.a.¹Se-

149 2359 303 2421 Quamque
319 2371 336 2406 o
347 2353 472 2418 Rom]
488 2354 599 2405 vinetus
616 2356 653 2406 ita
689 2356 789 2421 quoad
809 2355 881 2407 dolos
904 2357 975 2421 [rex]
995 2356 1114 2408 contulit.
1155 2358 1224 2408 Nous

113 2434 213 2486 nabet:
232 2434 410 2498 diiunctum
423 2430 543 2483 &nouis
568 2433 635 2484 cell.
689 2433 861 2499 interemptos
883 2435 1027 2485 monuerit:
1055 2432 1224 2499 captivosque

149 2513 214 2562 Csss
227 2508 352 2574 nom]
369 2508 447 2574 Apud
459 2510 597 2560 Romanu
608 2509 651 2561 Al.
687 2512 855 2576 indulgenter
879 2513 982 2575 habuit,
1003 2518 1032 2562 et
1053 2512 1110 2562 sine
1136 2513 1223 2576 pretio

112 2587 365 2654 quamqueoiioar.
398 2586 472 2638 olas.
687 2588 819 2640 restituit!
847 2589 918 2639 Hinc
937 2589 1019 2655 liquet
1036 2589 1134 2651 sepelire
1152 2587 1223 2638 idern

148 2663 283 2716 eamus
301 2680 357 2715 moa
374 2663 467 2728 prsgsa]
501 2662 544 2714 Ad
566 2663 650 2715 Hera·
688 2665 787 2716 Nostro
798 2680 866 2727 esse,
877 2665 947 2732 quod
958 2666 1032 2715 Floro
1043 2678 1159 2714 amm:
1171 2679 1223 2732 quo

112 2745 210 2807 clesm,
220 2743 293 2793 circa
303 2742 390 2807 Lyrios
400 2739 427 2791 fl.
457 2740 526 2791 Gicr.
687 2755 764 2791 sensu
775 2741 853 2792 ctiam
864 2738 932 2791 inira
943 2740 1057 2790 occurrit
1070 2740 1087 2790 l.
1099 2753 1152 2789 vn.
1163 2755 1186 2791 c.
1199 2744 1223 2791 8.

147 2820 270 2881 Culusa
280 2819 390 2884 Pyrrlrss
397 2817 508 2881 fugeret]
525 2816 650 2881 Abeqni·
687 2818 799 2869 ridclric
816 2826 844 2870 et
862 2820 943 2870 l.v11.
962 2819 1075 2869 Grnnor.
1087 2820 1131 2884 qni
1142 2820 1223 2869 Vete-

112 2904 172 2947 tatn
193 2896 310 2946 Romano
329 2894 422 2943 rictus.
456 2894 548 2944 Florus
566 2894 650 2945 intus
687 2911 742 2946 rum
754 2897 908 2948 testimoniis
928 2911 1004 2962 qnam
1023 2896 1141 2962 plurimis
1163 2897 1220 2946 isaac

112 2971 331 3037 Epitornelib.1.
347 2972 387 3022 its
398 2972 451 3022 ait:
469 2970 548 3036 Apud
567 2971 650 3021 Hera·
686 2969 743 3024 locs
753 2973 874 3024 illustrat.
894 2973 1010 3038 Verieyls

110 3049 197 3100 eloam
224 3056 254 3099 et
279 3049 430 3112 Campaniae
457 3045 526 3097 duur.
550 3047 649 3111 Lyrlur,
720 3050 817 3101 Occisus
832 3050 953 3115 sepelivi]
976 3051 1221 3116 interemptoscrc·

109 3125 213 3178 lerino
223 3126 284 3176 Cos.
302 3126 386 3189 prims
405 3139 504 3189 pugno:
522 3140 579 3191 qnae
596 3134 649 3176 taur
685 3128 776 3192 mavit,
787 3129 872 3194 inquit
882 3129 983 3179 Florus.
1002 3128 1073 3179 Glur.

109 3201 301 3264 atroxi'nit5ut
315 3203 570 3255 Furentauoetursnae
582 3218 648 3268 prae-
719 3206 787 3262 Quos
804 3187 857 3256 {uus
878 3208 975 3257 Mansa
993 3207 1102 3272 misera]
1129 3207 1221 3258 Florus

109 3280 198 3332 fectus
209 3281 328 3332 invectus
344 3282 477 3345 integere,
491 3281 648 3344 turbaverit,
685 3283 711 3333 iu
728 3298 776 3334 sna
803 3284 934 3348 Epitonre,
951 3284 985 3334 de
1004 3284 1035 3334 ils
1053 3283 1170 3348 virisqni
1186 3284 1220 3333 ob

109 3360 282 3425 coegeritque
293 3359 419 3424 projectis
429 3358 573 3423 insignibus
581 3374 647 3424 prse-
684 3360 831 3424 elephantis
849 3360 930 3422 primo
948 3360 1039 3424 praelio
1060 3361 1176 3425 oppressi
1196 3376 1220 3408 e·

106 3440 146 3490 lio
157 3440 296 3490 excedere.
331 3439 439 3489 Fsctuur
456 3442 524 3500 crat,
535 3438 647 3488 nlsiele·
684 3445 754 3500 runt,
772 3438 809 3489 sic
832 3433 884 3488 ait:
901 3437 1046 3488 ‘Omnium
1065 3437 1173 3487 vulnera
1192 3438 1220 3487 in

109 3516 203 3581 pnmn
223 3530 351 3566 converso
370 3515 395 3564 iu
411 3516 562 3579 spectacula
578 3514 647 3566 bello
684 3522 799 3581 pectore,
818 3514 923 3583 quidam
943 3514 1059 3565 hostibus
1079 3514 1220 3574 immonni,

108 3594 312 3659 procurrissent,
323 3605 432 3658 quorum
447 3598 503 3641 turn
520 3592 648 3656 rnaguitn·
683 3592 795 3642 omnium
806 3592 832 3641 in
844 3592 962 3662 manibus
982 3604 1067 3654 enses,
1077 3597 1106 3640 et
1116 3588 1217 3640 relictae

107 3669 181 3734 dine,
189 3679 245 3721 tnsn
256 3668 432 3731 deformitate,
440 3683 471 3719 ac
482 3684 550 3721 novo
559 3669 647 3720 colors
682 3671 708 3719 iu
721 3670 836 3720 vultibus
847 3669 932 3732 utino,
940 3676 968 3719 et
979 3670 1006 3718 in
1017 3669 1074 3732 ipsa
1084 3674 1168 3718 morta
1179 3669 1219 3717 irs

107 3747 186 3797 simul
200 3762 232 3796 sc
243 3747 324 3797 odore
340 3746 498 3797 constornsti
510 3747 578 3813 eqni,
588 3762 645 3796 cum
683 3746 804 3808 virebat,
820 3745 890 3812 qnod
901 3747 967 3796 sdeo
984 3744 1100 3809 Pyrrhus
1110 3744 1218 3794 miretur

106 3824 256 3890 incognitus
267 3824 319 3874 sibl
330 3824 429 3874 belluas
446 3824 556 3890 amplius
570 3839 646 3890 qnam
683 3832 734 3888 est,
753 3832 783 3875 nt
803 3825 913 3889 diceret,
933 3824 958 3875 0
970 3839 1046 3890 qnam
1063 3821 1140 3874 focile
1159 3832 1219 3874 orat

106 3909 186 3952 erant
196 3901 403 3966 suspicarentur,
414 3899 503 3966 fugans
521 3907 647 3966 stragem·
683 3903 754 3953 orbis
774 3902 912 3966 imperium
930 3915 1069 3965 occuparo,
1088 3907 1135 3950 aut
1154 3898 1218 3950 rullsl

108 3994 160 4043 que
181 3978 237 4029 late
260 3978 401 4028 dederunt.
432 3977 554 4030 durtlnus
579 3977 646 4027 libro
683 3980 806 4032 Romanis
824 3979 959 4043 militibus,
977 3984 1023 4030 aut
1033 3992 1074 4028 nso
1091 3991 1152 4042 rege
1163 3978 1216 4028 Ro-

107 4054 646 4120 mssltlracpugusl’yrrlranrruluera·
681 4057 787 4108 manisl’
806 4058 877 4107 Glor.

10 4147 12 4160 ·
106 4142 171 4184 turs.
206 4133 279 4184 Glor.
717 4136 777 4184 Cum
787 4135 884 4183 adraso
893 4129 1001 4196 cums]
1026 4132 1096 4183 Flor.
1106 4146 1126 4182 1.
1138 4147 1162 4182 c.
1175 4135 1215 4184 ll.

138 4207 441 4277 mamurra]
464 4209 591 4259 Ancillam
604 4215 645 4259 est
683 4216 723 4264 18.
751 4211 890 4261 ‘omniurn
915 4210 1020 4261 adnare
1040 4211 1066 4260 in
1088 4209 1215 4276 pectore)

104 4291 130 4343 lo
141 4292 208 4346 (lod.
228 4292 338 4358 optimae
349 4297 420 4339 note
438 4303 469 4339 ac
480 4291 502 4340 si
520 4291 645 4343 voluisset
680 4291 737 4344 nv.
749 4289 822 4354 Epir.
835 4292 874 4338 ll.
891 4289 899 4318 ‘
913 4286 998 4338 omnia
1012 4286 1146 4353 [corpora]
1157 4301 1215 4337 rer-

102 4365 571 4437 llbrsrlns,auxiliutnelcplrantorum
579 4367 645 4435 Pyr·
681 4365 875 4420 niuuosseu:
908 4365 984 4418 Adde
1004 4365 1037 4458 de
1055 4367 1213 4416 moul-
